1717 3082
117 112 283 160 LIBER
300 113 356 159 11.
398 109 521 159 CAP.
541 110 616 158 IV.
651 109 774 158 A.v.
794 108 841 157 C.
863 112 972 171 946.
1003 105 1139 157 CHR.
1161 104 1225 155 N.
1250 108 1357 170 193.
1428 114 1517 170 '105

39 230 243 296 Ρωμαίοις
281 227 479 290 ὑπήκοοι,
538 228 613 278 καὶ
664 225 753 276 ὅσοι
787 234 925 279 manis
950 227 1129 280 subieffi
1152 232 1291 295 etqui
1312 231 1437 277 amici
1461 228 1525 277 es-

75 307 175 367 ίλα,
228 301 473 373 ἐκθειάζων
515 305 651 353 αὑτοῦ
683 301 755 357 τὴν
788 308 877 354 sent
881 307 1114 365 ‚divinitate
1126 307 1289 355 donare
1302 307 1526 372 eiusprin·

32 443 100 466 oca
115 433 160 474 ’γὲ
176 426 344 476 Ῥωμαίοις
365 424 512 470 botrium,
545 443 578 465 κ.
599 425 628 464 ὅ.
648 436 688 472 φ.
739 424 853 462 Nulla
882 424 982 461 enim
1008 424 1092 462 sunt
1111 421 1328 491 ςςςιτίπεδκ,
1361 423 1428 462 nifi
1447 423 1527 460 Ro-

32 489 150 514 mana.
198 479 430 524 Quapropter
456 477 530 514 illis
559 476 656 512 haud
677 474 857 512 convenit
884 473 1103 522 praedicari,
1137 472 1202 512 ὅσα
1222 480 1265 520 γὲ
1281 474 1325 511 ‘P.
1346 474 1403 511 ὑπ
1454 473 1528 511 Sed

33 527 106 563 hoc
117 527 343 613 kconvenit
331 538 443 575 popu.
433 525 498 568 xis,
541 524 564 562 fi
587 525 696 573 quir
673 523 743 561 fint
770 524 810 560 in
829 524 1007 572 potestate
1031 533 1143 573 atque
1170 523 1245 562 fide
1262 524 1527 561 Romanorum.

35 576 139 613 Reis’

134 623 253 662 Primo
273 623 441 670 procedit
459 622 572 660 restio
592 635 625 659 ν.
646 625 734 660 ὂιαθ.
756 635 838 660 cum
858 634 929 659 acc.
941 628 1099 661 πάντα).
1091 649 1121 667 ,
1147 621 1528 671 quipendetapraep·

33 672 74 710 in
94 686 126 709 v.
139 698 150 715 ,
176 673 277 720 quod
290 672 427 710 ficinv.
447 685 539 710 extr.
558 675 666 711 ἐπειθ.
687 673 951 718 τεᾳυίῑεεαύτκ
966 672 1198 719 pronominis
1217 672 1530 718 iupptementum‚

33 721 96 759 sed
115 733 263 763 contra,
291 734 373 759 cum
394 724 469 758 Lat.
486 725 606 769 lnttp.
613 732 651 757 et
671 721 755 758 edd.
775 720 992 769 quibusdam
1011 721 1202 768 separatim
1221 721 1402 768 sumtum,
1428 732 1530 755 com·

34 783 133 809 mate
162 771 238 818 post
258 770 296 807 id
314 771 434 813 f,afto
459 770 668 807 cohaerebit
690 783 772 806 cum
793 771 857 807 illo
880 770 955 817 ipso
975 784 1009 806 v.
1031 773 1136 809 ἐπειξ)
1187 771 1406 807 Tama-avrea
1417 783 1514 824 eea-ns.
1518 790 1533 809 ‚

35 819 281 874 intelligenda
303 832 324 855 e
343 832 416 862 2,2
401 845 434 861 -‚
459 832 513 863 19.
536 819 582 855 de
601 818 742 864 ripariis
763 830 801 856 et
822 820 1040 861 limitaneis.
1069 820 1178 856 etiam
1197 818 1242 855 iis
1257 843 1268 860 ‚
1303 817 1366 866 qui
1385 817 1500 853 sunt
1491 829 1532 853 m
1555 856 1558 859 ,

36 867 264 924 provinciis,
294 866 386 906 hic
376 879 509 905 lterum
533 881 597 914 per
616 865 694 911 εθυη
714 869 880 915 expreffis
893 893 905 909 ,
937 873 1051 906 πάντα
1071 883 1122 914 ςς.
1145 868 1258 916 igitur
1275 868 1408 905 Noster
1438 866 1535 902 inse-

38 918 156 954 ruerit
177 927 321 954 tantum
341 922 383 959 ὡς
402 921 434 956 ἐν
451 921 601 977 παρόδῳ,
623 928 661 952 et
681 929 722 953 ut
738 918 948 954 adiunstum
970 930 1020 963 pn
1032 913 1121 959 ἕᾶνν,
1145 916 1359 972 supplendis
1377 914 1474 963 quafi
1464 920 1534 952 ιτόε

37 963 142 1005 het*
125 982 223 1006 οντα,
257 976 299 1002 ut
324 971 436 1004 πάν-ηε
458 963 538 1008 ἔθη,
564 966 638 1001 iola
666 965 871 1002 referantur
886 967 928 1002 ad
949 965 1026 1013 sqq.
1038 990 1048 1007 ‚
1082 978 1162 1003 non
1188 964 1348 1011 duplicis
1377 964 1536 1020 generis.

24 1015 102 1062 ‚sed
125 1015 232 1051 unius
256 1014 522 1069 eiusdemque,-
556 1026 594 1050 et
621 1013 762 1050 diverso
794 1014 984 1050 nominata
1006 1025 1152 1051 tantum
1175 1014 1310 1056 modo,
1344 1013 1433 1052 ficut
1459 1013 1533 1051 alio

40 1064 173 1100 ordine
192 1062 292 1098 fimul
315 1075 380 1111 per
398 1063 638 1099 variationem
658 1075 691 1105 7,
710 1075 823 1106 7,12
842 1067 888 1100 τὶι
907 1060 987 1106 ἔθνη
1006 1083 1042 1091 -
1059 1066 1150 1102 αὐταὶ
1170 1080 1210 1101 τε
1229 1069 1312 1110 φίλα
1330 1061 1385 1104 καὶ
1405 1058 1535 1105 ὖπῆκσω

37 1117 75 1151 ἐκ
91 1108 279 1157 προγόνων,
307 1112 440 1158 quibus
462 1112 500 1146 in
522 1112 573 1166 sq.
594 1113 625 1160 §.
646 1112 682 1157 hi
676 1124 708 1147 ·c
725 1123 967 1168 opponuntur
989 1112 1221 1158 provinciae,
1256 1113 1425 1148 nondum
1449 1111 1536 1148 satis

37 1172 209 1215 pacatae,
242 1160 360 1208 qualis
378 1161 601 1197 nominatim
620 1155 826 1204 Britannia,
862 1162 963 1198 cuius
983 1162 1127 1198 incolae
1143 1162 1246 1224 supra
1268 1173 1419 1209 quoque
1448 1165 1536 1207 βάς·
1565 1182 1569 1186 -

37 1216 106 1257 βαρ
107 1226 136 1248 οι
157 1209 262 1250 dictu
295 1210 395 1246 unde
416 1211 477 1246 hic
495 1223 573 1246 non
592 1222 687 1257 opus
708 1216 747 1248 τὲ
767 1211 950 1259 corrigere
967 1210 1006 1246 in
1026 1217 1082 1275 'yf'
1109 1222 1147 1248 et
1164 1226 1226 1249 οσα
1241 1226 1280 1246 τε
1302 1223 1385 1247 curn
1404 1226 1457 1253 κα4
1471 1209 1537 1247 ὅσοι

39 1261 171 1297 eodem
194 1258 304 1295 modo
324 1259 491 1300 stabunt,
525 1270 566 1296 uc
585 1260 702 1296 altero
732 1260 770 1297 in
789 1261 875 1296 loco
897 1266 983 1297 ⁷2³—-
1000 1278 1075 1302 κσ4,
1114 1260 1159 1296 de
1180 1259 1310 1297 iisdem
1324 1285 1334 1301 ,
1375 1258 1440 1295 ubi
1468 1258 1540 1295 suo‘

41 1321 146 1347 more
171 1309 234 1356 Bg.
260 1309 299 1344 in
322 1313 386 1350 τὲ,
417 1318 462 1345 ut
478 1309 517 1346 P.
537 1309 575 1344 in
592 1325 666 1352 nus,
705 1321 771 1355 pro
797 1322 874 1356 quo
899 1310 1044 1345 severus
1064 1310 1148 1346 Sch.
1171 1308 1213 1346 in
1233 1308 1291 1347 dor.
1318 1309 1539 1349 „exncitun

40 1357 218 1396 Romanis
231 1357 402 1412 subieHos
419 1368 458 1394 et
473 1359 628 1393 amicosct
652 1370 860 1407 quanquam
885 1357 970 1395 alibi
996 1370 1053 1406 ap.
1070 1359 1244 1395 Nostrum
1271 1357 1445 1420 vidcyntur
1475 1356 1539 1393 di-

40 1405 173 1471 stingui
192 1418 234 1442 ac
252 1405 314 1443 fibi
338 1406 479 1460 opponi
503 1407 564 1443 ista
585 1407 657 1442 duo
675 1408 745 1443 adi.
758 1433 768 1449 ‚
795 1420 836 1445 ut
855 1420 927 1453 7,‘·
910 1432 944 1448 -ι
966 1417 994 1452 3-
1022 1412 1239 1453 Μαυρουσίων
1256 1413 1344 1445 fn>—
1354 1407 1536 1452 ὀσςοηνῶν

41 1472 82 1496 τε
98 1472 150 1498 nm
169 1455 361 1502 Ἀρμενίων,
388 1462 430 1493 ὠν
449 1460 535 1499 ἦσαν
555 1462 584 1493 οἱ
599 1462 657 1502 μὲν
674 1453 833 1499 υπιῖκοσι,
861 1463 891 1494 οἵ
914 1459 948 1495 δὲ
968 1463 1007 1503 φ’
1010 1469 1058 1493 λοι
1078 1474 1131 1499 nora
1150 1462 1339 1501 σύμμαχοι,
1365 1456 1540 1510 quorsum

43 1505 167 1544 neicio
182 1517 228 1541 an
250 1504 389 1552 prosunt
409 1506 499 1542 haec
515 1517 641 1542 notata
660 1505 704 1541 ad
716 1506 832 1542 Dion.
845 1507 887 1542 C.
902 1519 935 1547 2,
949 1515 1014 1552 333
1022 1533 1030 1541 .
1053 1505 1148 1572 t„qui
1168 1504 1265 1543 cives
1276 1503 1433 1542 Romani
1457 1516 1540 1542 non

45 1565 171 1617 ξταῃτ,
215 1565 255 1591 et
277 1554 451 1590 Romanis
476 1554 675 1602 parebant,
716 1554 802 1592 disti
820 1555 989 1610 stibiech,
1031 1561 1060 1592 οἱ
1085 1559 1284 1600 ἀρχόμενοι,
1319 1559 1542 1597 δουλεύοντες.

0 1604 1 1609 ’
46 1600 196 1647 {nuscun-
247 1604 300 1640 lta
328 1602 368 1638 in
396 1604 494 1640 cives
522 1614 561 1639 et
588 1603 766 1640 subieRos
786 1604 1043 1666 provinciares
1053 1614 1176 1640 totum
1194 1604 1390 1651 imperium
1417 1602 1543 1640 distin-

45 1653 235 1710 guebatur.
282 1652 340 1689 Ab
361 1652 417 1688 his
430 1652 634 1690 distinttum
657 1653 807 1689 tertium
831 1665 947 1702 genus
965 1660 1004 1690 τὸ
1025 1650 1208 1693 ε’νσπσνδον,
1234 1653 1485 1689 federatorum
1501 1662 1542 1689 et

44 1701 226 1741 sociorum
240 1725 252 1742 ,
288 1701 351 1749 qui
373 1701 445 1737 suis
465 1701 606 1749 legibus
627 1702 826 1750 patriisque
854 1703 1030 1739 institutis
1050 1702 1177 1740 vivere
1201 1702 1542 1748 permittebanturoe

43 1751 180 1789 leniori
202 1761 347 1787 tantum
367 1750 550 1805 sociorum
572 1752 684 1787 titulo
705 1751 912 1791 nominati,
957 1762 995 1786 et
1013 1751 1074 1787 hic
1098 1750 1167 1787 alio
1189 1751 1352 1789 eiusdem
1372 1749 1544 1787 notionis

47 1808 113 1839 τῶν
133 1805 256 1844 φίλων,
290 1799 392 1847 quod
411 1798 572 1836 nominis
592 1812 609 1834 a
629 1799 802 1835 Romanis
823 1799 1030 1835 concess'um
1050 1812 1129 1836 non
1153 1800 1266 1836 modo
1291 1800 1440 1847 regibus
1462 1799 1546 1855 qui-

48 1849 221 1889 busdam,
252 1847 313 1884 sed
333 1858 371 1884 et
388 1848 479 1882 adeo
500 1848 647 1895 populis
671 1848 761 1883 totis
781 1849 1079 1903 provinciifque,
1114 1859 1179 1885 aut
1207 1848 1418 1895 provinciae
1447 1850 1545 1885 eius-

50 1897 135 1934 dem
153 1896 365 1933 civitatibus
385 1896 625 1944 quibusdam,
653 1897 790 1944 quaese
810 1897 970 1944 sponte
960 1910 997 1933 in
1018 1896 1126 1934 fidem
1144 1909 1186 1933 ac
1204 1898 1420 1944 potestatem
1435 1898 1543 1934 Rom.

51 1943 308 2001 contulissent,
344 1956 407 1981 aut
436 1957 513 1981 non
544 1945 608 1982 diu
629 1935 907 1994 τερυςηεῆέητ,
939 1958 1130 1993 propterea
1152 1946 1326 1995 aequiore
1349 1947 1433 1982 iure
1458 1946 1544 1984 usae

52 1994 249 2040 deinceps,
284 1994 517 2031 immunitate
537 1994 666 2030 tributi
686 1994 710 2030 s.
731 1995 923 2042 stipendii,
951 2006 988 2032 et
1007 1996 1230 2038 libertate‚'
1220 2009 1243 2032 1.
1254 2009 1286 2032 e.
1307 2000 1486 2051 αὐτονομίᾳ
1503 2006 1544 2032 et

51 2042 316 2092 magistratibus
333 2041 429 2084 suis,
455 2043 518 2079 rel.
531 2068 541 2084 ,
577 2056 658 2079 cum
679 2055 806 2080 contra
825 2044 913 2081 aliae
933 2058 1011 2081 non
1031 2045 1144 2082 effent
1168 2043 1331 2081 eodem
1319 2057 1398 2082 lure
1415 2046 1547 2082 eadem

53 2105 128 2142 que
149 2092 389 2132 conditione,
421 2103 515 2140 quae
534 2092 711 2128 hostiliter
731 2093 774 2128 ad
796 2106 1000 2132 extremum
1020 2104 1166 2137 tempus
1177 2106 1290 2142 usque
1310 2094 1346 2129 se
1358 2094 1547 2142 geffiffent,

55 2153 95 2180 et
117 2141 213 2178 bello
231 2140 344 2178 essent
361 2141 474 2178 vietae
493 2153 533 2176 ac
553 2142 590 2177 vi
609 2141 807 2184 subiefflae,
838 2142 900 2179 hic
918 2151 980 2181 τῶν
1000 2143 1148 2186 ὑπηκόων
1168 2144 1322 2179 nornine
1336 2143 1548 2187 venientes,

54 2191 79 2229 fi
101 2191 218 2238 placet
236 2189 456 2239 distinguere
468 2215 480 2231 ‚
511 2189 799 2255 fimpliciterque
812 2191 1000 2239 oppoiitae
1011 2197 1079 2234 τοῖς
1096 2199 1227 2240 eappa]
1231 2207 1276 2234 αις
1295 2192 1393 2229 infra
1408 2205 1441 2236 7,
1456 2201 1519 2239 3,·
1501 2218 1533 2228 -.
1536 2217 1550 2235 ‚

54 2251 99 2278 ut
117 2251 195 2294 per
197 2231 364 2276 alterum
368 2252 506 2276 nomen
525 2249 590 2278 τῶν
608 2240 823 2280 δουλευόντων
843 2252 1080 2278 occurrentes
1100 2254 1136 2285 7,
1155 2255 1191 2282 2,
1213 2254 1244 2288 3
1264 2256 1295 2278 e.
1323 2253 1361 2279 et
1384 2255 1416 2282 2,
1437 2253 1470 2285 9,
1492 2253 1548 2285 ¹7·

55 2302 106 2327 m.
117 2315 126 2331 ‚
153 2287 199 2324 cf.
220 2288 354 2335 Spanh.
373 2290 420 2326 de
438 2301 475 2325 u.
494 2300 532 2325 et
549 2301 603 2337 pr.
624 2302 664 2325 n
686 2302 720 2345 Ρ.
735 2303 813 2336 575.
834 2290 885 2338 sq.
900 2314 910 2330 ,
938 2291 1002 2327 ubi
1020 2302 1283 2333 numerantur.
1320 2290 1383 2339 qui
1412 2291 1552 2327 ambie-

55 2339 133 2376 rint
153 2336 303 2374 titulum
325 2342 567 2384 φιλοςωμαίων,
592 2339 698 2375 amici
717 2342 988 2381 Romanorum3
1025 2339 1230 2377 tacentibus
1247 2340 1336 2376 hinc
1355 2350 1394 2375 et
1416 2337 1452 2375 in
1470 2351 1552 2376 rem

57 2387 285 2435 praesentem
310 2388 389 2434 Stp.
417 2389 489 2422 Th.
517 2397 556 2424 et
575 2389 639 2424 Gs.
658 2388 698 2424 in
720 2390 802 2426 Lat.
817 2392 879 2437 Bg.
888 2414 900 2430 ‚
936 2401 1015 2424 non
1045 2389 1135 2425 item
1165 2389 1300 2426 libellis
1328 2388 1375 2424 de
1392 2388 1553 2438 Antiqu-

58 2438 166 2474 Rom.
159 2460 188 2476 .,
219 2435 268 2472 cf.
292 2435 339 2472 G.
355 2436 428 2474 Th.
447 2448 481 2471 v.
492 2437 619 2487 [ocius.
667 2438 738 2474 Sed
755 2440 834 2485 Stp.
849 2439 922 2474 rh.
938 2438 1054 2474 etiam
1084 2438 1232 2486 ignorat
1249 2437 1318 2474 adi.
1341 2437 1437 2480 ὖπηκ.
1465 2450 1553 2476 cum

59 2487 132 2524 dat.
154 2484 271 2540 peril,
303 2483 352 2520 cf.
372 2497 493 2522 tamen
511 2485 865 2528 Abr.adAesch.1.
889 2489 970 2523 161.
991 2500 1022 2523 e.
1040 2501 1083 2524 ex
1103 2487 1259 2523 Herode.
1278 2499 1315 2524 et
1336 2488 1427 2523 Xen.
1452 2489 1556 2544 Cyn,

60 2533 270 2572 tacentibus
290 2531 346 2569 his
367 2533 468 2577 1nd.,
496 2547 607 2582 porro
627 2533 741 2572 Dion.
764 2538 813 2572 H.
833 2537 894 2579 S.‚
928 2535 988 2572 sed
1007 2537 1053 2572 de
1072 2550 1108 2573 re
1123 2535 1202 2573 Ind.
1226 2535 1330 2572 Arist.
1341 2536 1436 2573 Kust
1450 2560 1461 2579 ,
1488 2537 1558 2585 qui

59 2585 111 2620 est
130 2583 232 2620 locus
250 2585 329 2630 Stp
350 2583 421 2621 Th.
433 2609 443 2626 ,
476 2593 519 2620 ut
547 2584 711 2623 absolute
730 2585 844 2622 Diod.
865 2561 900 2622 S’.
913 2610 924 2627 ,
957 2596 1038 2622 tum
1062 2586 1107 2622 de
1134 2584 1224 2632 pers.
1244 2585 1408 2622 abiolute
1431 2587 1557 2625 Thuc.

59 2634 155 2672 Xen.
180 2633 234 2669 Μ.
252 2632 289 2668 S.
312 2644 350 2668 et
371 2634 458 2681 Cyr.
483 2645 512 2676 ι,
532 2645 565 2677 5,
588 2646 619 2669 2.
643 2632 683 2670 it.
702 2635 792 2670 Luc.
811 2635 907 2672 Piut.
925 2635 1011 2682 Krg.
1030 2645 1068 2670 et
1088 2636 1125 2670 L.
1146 2635 1194 2670 N.
1215 2635 1283 2677 T,
1313 2645 1349 2670 at
1368 2646 1450 2672 cum
1474 2647 1559 2683 gen.

61 2681 154 2730 pers.
164 2682 257 2718 Xen.
267 2680 344 2718 Pol.
357 2692 395 2719 et
405 2683 488 2730 Cyr
479 2705 508 2725 ‚
528 2681 689 2739 denique
701 2695 820 2720 neutr.
833 2695 917 2720 cum
928 2683 1031 2719 subst.
1042 2685 1170 2726 νλῆθος
1182 2684 1261 2720 ind.
1273 2661 1326 2721 ’Fi
1338 2684 1410 2719 Pal
1423 2709 1434 2726 ,
1454 2686 1559 2732 quod

60 2731 307 2782 suppletum
297 2743 338 2772 ιιι
357 2730 474 2770 forma
487 2731 648 2773 absoluta
665 2732 800 2774 inssxc.
810 2732 859 2775 ad
874 2741 994 2778 ιμ’-,8
1008 2756 1020 2776 ι
1045 2745 1105 2773 ctu
1118 2733 1199 2772 add
1210 2696 1560 2783 lud.Eutrop.q1v1et.
