1687 3137
94 152 212 187 vut
618 130 1075 182 EPISTOLA.‘.

99 263 156 292 tas
185 248 329 300 adhuc,
357 247 449 290 ‘raro
472 247 720 302 preferrent,
759 260 872 301 quam
904 243 1157 286 defenliones
1190 243 1409 286 leffionum
1437 246 1609 301 vulgata·

101 322 207 354 rum,
237 310 277 347 in
300 307 438 359 quibus
459 320 498 346 et
521 305 605 358 ipiis
627 307 793 345 multum
814 301 994 343 sudabam
1014 311 1168 350 tamen,
1199 302 1325 341 nullas
1348 301 1437 344 fere
1460 316 1613 348 memo-

99 376 250 404 rarent:
280 364 319 403 id
339 364 497 415 quidem
518 375 597 402 non
615 361 785 401 iudicum
804 361 961 400 illorum
981 357 1249 411 properationi
1271 358 1513 411 tribuemus,
1543 350 1612 400 sed

98 422 225 474 potius
254 421 391 459 rationi
418 420 657 467 libellorum,
693 431 860 470 quorum
886 415 1068 471 angustiis
1093 413 1230 454 inclusi
1259 426 1324 454 aut
1354 416 1518 467 echust,
1554 427 1614 458 te-
1647 450 1651 453 .

100 488 247 518 nentur
266 475 429 528 defungi
452 476 624 515 breviter
651 485 799 514 tantum
829 472 1027 513 iudicandi
1045 469 1276 512 recensendi
1299 485 1379 526 que
1398 484 1580 521 munere.
1603 497 1606 500 >

215 531 363 583 Quodsi
384 533 501 584 igitur
528 532 680 583 quaeris
711 545 760 571 ex
784 544 870 579 me,
913 533 1046 570 Frater
1067 529 1245 578 DileEte,
1287 543 1368 583 quo
1397 528 1614 583 proiitista

101 589 231 627 critica
255 602 343 626 cura
373 600 451 626 tam
480 585 611 628 severa
640 599 679 626 et
706 588 852 637 multa,
882 598 921 626 et
943 586 1106 639 quibus:
1134 583 1280 625 habeto
1305 586 1367 629 fic.
1428 584 1615 632 Versatur

99 645 164 684 illa
182 656 265 696 pars
285 645 411 683 critica
431 644 469 681 in
492 642 744 683 diiudicandis
765 655 851 682 tum
867 642 1101 683 lefflonibus
1120 640 1276 683 diverlis
1290 645 1354 684 vel
1366 642 1615 692 Editionfum,

100 703 161 739 vel
189 699 398 747 Codicum,
430 702 491 739 vel
515 702 771 749 interpretum
801 699 992 749 duorum,
1023 698 1212 740 Pontiani*
1230 712 1270 740 et
1297 701 1498 754 Bergleri,
1527 710 1616 745 tum

100 756 329 796 coniessuris
357 767 473 808 atque
503 754 845 796 emendationibus
875 757 1044 796 virorum
1074 754 1278 810 doRorurn
1301 770 1376 810 per
1394 759 1617 808 Notasueg

100 812 244 852 deinde
265 813 304 851 in
323 810 527 863 propositis
547 825 568 849 a
588 825 653 851 me
674 809 754 863 ipso
774 811 1008 864 quibusdam
1032 812 1081 851 ad
1102 813 1384 866 corrigendum
1405 810 1598 869 ingeniisss'

209 871 295 908 Hoc
313 869 494 908 iudicium
514 868 699 915 criticum,
729 882 807 917 quo
826 870 1047 923 anquiritur
1065 870 1287 922 exploratur
1305 884 1385 923 que
1403 871 1450 917 inf
1463 879 1618 923 partem

98 936 323 977 utramque,
353 924 468 964 causis
487 925 608 965 allatis
636 925 810 975 idoneis,
841 926 938 977 quid
966 925 1216 966 statuendum
1241 925 1286 966 {it
1305 927 1358 967 de
1376 926 1498 967 rebus
1521 925 1617 975 istis,

98 981 321 1034 probandae
351 994 421 1028 ne,
450 995 500 1020 an
524 982 676 1031 minus,
706 980 964 1028 intermistum
993 984 1049 1024 est
1073 997 1095 1022 a
1123 983 1357 1035 quibusdam
1386 981 1616 1033 editoribus

99 1050 183 1077 tum
200 1039 239 1076 in
260 1037 492 1078 editionibus
514 1038 748 1088 minoribus,
779 1040 820 1079 in
840 1037 1054 1093 usum-que
1079 1037 1294 1082 scholarum
1312 1040 1378 1080 vel
1397 1040 1617 1086 leiiionum

98 1095 258 1147 paratis,
289 1107 330 1134 ut
355 1094 509 1133 chartae
540 1108 583 1134 ac
609 1092 795 1135 sumtibus
821 1095 1022 1136 emturum
1047 1107 1298 1149 parceretur,
1329 1095 1617 1141 aun-iudicium

99 1150 140 1191 id
163 1149 229 1190 sibi
252 1148 441 1191 servarent
462 1151 832 1203 interpretantibus,
862 1163 929 1192 aut
954 1154 1228 1205 relinquerent
1254 1154 1362 1203 aliis,
1393 1151 1620 1204 {ivemagi-

100 1205 202 1256 stris,
232 1207 305 1247 five
326 1207 423 1247 adeo
442 1207 668 1255 iuvenibus,
699 1209 814 1260 paulo
833 1208 1102 1261 peritioribus,
1133 1220 1217 1249 tum
1239 1210 1457 1252 vero-etin
1478 1205 1620 1249 editio·

101 1262 215 1304 nibus
240 1264 393 1304 maioris
413 1265 545 1311 molis,
577 1264 735 1304 easdem
757 1265 808 1306 ob
829 1264 981 1318 causas,
1011 1266 1183 1306 maxime
1203 1279 1286 1320 que
1304 1274 1410 1315 tum,
1439 1263 1510 1304 ubi
1526 1261 1620 1305 faci-

103 1320 149 1358 lis
168 1319 223 1360 est
243 1323 348 1373 optio
376 1333 490 1372 atque
507 1321 750 1365 diiudicatio.
1020 1355 1023 1358 ,
1046 1328 1049 1333 ’
1281 1359 1284 1362 ,
1338 1347 1339 1353 1
1416 1363 1421 1366 .

212 1376 255 1416 Id
283 1375 399 1429 ipsum
422 1377 570 1428 videas,
599 1379 654 1418 mi
671 1382 825 1429 Frater,
850 1392 916 1420 me
941 1376 1136 1430 secutum,
1167 1378 1271 1419 utin
1292 1377 1412 1419 rebus
1431 1376 1621 1426 leviculis.

102 1442 146 1471 et
164 1436 234 1484 pei*
261 1430 296 1473 se
318 1434 562 1488 patentibus,
592 1433 706 1475 facile
734 1449 814 1489 que
841 1435 1112 1488 reperiendis,
1143 1435 1332 1476 iudicium
1358 1433 1507 1475 ferrem
1535 1435 1624 1474 nul·

101 1489 206 1544 lum,
229 1503 270 1528 ac
298 1504 357 1530 res
380 1492 474 1530 tales
499 1492 540 1531 in
561 1493 759 1532 Varietate
786 1493 983 1534 Leffionis
1004 1492 1128 1533 modo
1151 1492 1428 1547 producerem.
1484 1491 1623 1532 Enim·
1682 1510 1687 1515 ·

104 1557 214 1594 vero,
245 1546 310 1585 ubi
333 1558 458 1587 textus
486 1548 798 1600 constituendus,
829 1562 924 1591 vera
943 1563 1021 1603 que
1040 1549 1279 1591 invenienda
1293 1547 1432 1598 lestio,
1464 1559 1505 1590 et
1522 1547 1623 1587 iusta

98 1598 312 1659 sententia,
350 1604 621 1657 interpretatio
651 1603 766 1646 series
794 1620 875 1659 que
904 1607 999 1656 loci,
1027 1607 1091 1646 ibi
1118 1605 1280 1659 quidem
1308 1604 1498 1646 iudicium
1521 1601 1624 1646 istud

77 1699 80 1702 ,
102 1658 281 1714 „criticum
309 1661 417 1700 nolui
437 1662 639 1708 omittere,
670 1674 710 1703 et
728 1661 859 1704 abeffe
883 1664 926 1704 in
946 1663 1124 1704 editione
1152 1661 1366 1712 eiusmodi,
1397 1661 1626 1716 quae-prin·

100 1724 199 1766 ‚ceps
222 1712 318 1755 efl'et
335 1728 375 1758 et
392 1719 537 1770 ampla,
567 1732 644 1759 nec
660 1717 747 1759 solis
771 1732 996 1773 comparata
1012 1719 1210 1761 tironibus
1228 1716 1312 1759 usui
1331 1731 1381 1759 ve
1400 1716 1625 1762 scholarum

103 1776 332 1824 parvarum,
363 1769 437 1813 sed*
452 1775 569 1814 etiam
593 1776 713 1816 donis
735 1788 775 1816 et
795 1778 838 1818 in
856 1777 1082 1818 Graecitate
1102 1778 1226 1829 longe
1247 1775 1440 1828 proveffis
1462 1775 1567 1814 viris.
1601 1803 1604 1807 -
1634 1800 1637 1801 ν

217 1829 300 1878 Qui
325 1829 484 1882 quidem
505 1844 591 1870 cum
619 1832 687 1885 ipsi
714 1846 786 1886 per
815 1832 865 1875 sev
881 1833 1101 1886 poffint-de
1127 1834 1205 1874 istis
1227 1831 1362 1875 rebus,
1375 1830 1553 1872 iudicare
1575 1839 1626 1870 ac

107 1881 333 1936 dignoscere
351 1887 452 1926 reela
471 1902 492 1926 a
513 1889 636 1940 pravis
657 1901 698 1929 et
716 1903 805 1929 vera
827 1905 846 1930 a
863 1889 986 1931 falfisz
1017 1894 1101 1931 non
1120 1888 1213 1932 sane
1236 1886 1414 1929 docendi
1433 1884 1541 1927 causa
1560 1884 1630 1925 ad-

108 1939 231 1980 hibita
251 1941 306 1982 est
321 1942 366 1982 iis
389 1944 515 1984 critica
530 1959 617 1997 pars
637 1946 711 1986 illa.
770 1946 850 1998 Sed
867 1947 987 1987 iidem
1007 1959 1051 1986 ut
1066 1944 1194 1988 solent
1212 1946 1253 1986 in
1272 1943 1441 1985 edendis
1468 1941 1629 1996 scripto·

108 1995 216 2036 ribus
234 2010 385 2051 partem
409 2013 594 2042 exercere
613 2001 743 2053 istam,
773 2004 932 2044 veniam
950 2016 1030 2056 que
1047 2003 1150 2043 hanc
1167 2002 1238 2043 fibi
1254 2000 1434 2050 sumunt,
1464 2001 1518 2042 ita
1535 2013 1630 2047 ean·

113 2051 204 2092 dem
224 2054 313 2093 dare
330 2056 431 2095 velle
450 2055 649 2098 debebunt
666 2059 765 2108 aliis,
794 2071 835 2100 et
857 2062 1000 2114 legunt
1019 2059 1121 2100 adeo
1147 2059 1238 2099 talia
1254 2057 1396 2098 iudicia
1411 2057 1542 2098 critica
1563 2055 1629 2097 vel

115 2107 163 2169 ad
179 2111 452 2161 recolendum,
483 2126 583 2164 quae
612 2114 760 2156 dudum
786 2130 960 2168 novere,
1002 2117 1069 2157 vel
1095 2114 1145 2156 ad
1171 2111 1488 2168 agnoscendum,
1525 2124 1630 2166 quae

112 2165 177 2204 ahi
202 2166 244 2205 in
267 2179 314 2206 eo
339 2180 488 2219 genere
509 2167 687 2211 sentiant.

227 2225 379 2263 Horum
411 2238 504 2278 ergo
535 2223 683 2267 secutus
714 2242 791 2283 ego
821 2226 1172 2275 consuetudinem,
1215 2223 1424 2267 iuvenibus
1455 2223 1629 2265 maxime

118 2278 242 2328 volui,
278 2279 304 2318 si
330 2278 494 2331 poffem‚
530 2279 738 2336 thesaurum
771 2285 972 2338 quendam
1007 2287 1181 2325 criticum
1209 2281 1478 2336 suppeditare,
1509 2292 1627 2328 ratus,
1655 2319 1658 2321 a

119 2346 199 2372 non
220 2347 288 2373 eos
308 2336 446 2386 iuvari,
477 2337 502 2377 fi
523 2336 588 2377 sub
610 2352 758 2380 textum
780 2342 902 2382 nudas
922 2342 1159 2394 proficerem
1178 2353 1240 2380 res
1261 2338 1375 2391 supra
1395 2336 1629 2391 propolita's,

119 2390 238 2429 varias
260 2392 464 2441 lefliones,
498 2396 686 2447 reliquas,
716 2410 756 2437 et
776 2399 858 2438 line.
883 2399 993 2438 omni
1016 2397 1181 2447 iudicio,
1215 2409 1292 2436 nec
1314 2395 1416 2437 aliud
1438 2391 1517 2435 effe
1537 2393 1628 2434 alio,

122 2446 235 2498 quin,
275 2460 318 2486 ac
344 2447 367 2485 si
398 2450 481 2499 quis
505 2452 680 2491 medicus
707 2453 868 2494 cadaver
892 2454 1064 2495 hominis
1097 2451 1258 2505 aliquod
1283 2450 1404 2492 modo
1433 2460 1631 2503 propon'at

122 2499 381 2553 {pestandum
412 2504 473 2544 sed
492 2504 570 2558 ipse
593 2510 724 2560 postea
745 2509 912 2557 deserat,
939 2524 1016 2551 nec
1035 2508 1219 2551 diffecare
1238 2508 1430 2558 instituat,
1457 2518 1535 2547 nec
1555 2503 1630 2547 ser-

124 2570 243 2598 mone
266 2558 442 2598 habendo
463 2562 603 2602 iudicio
624 2578 701 2616 que
718 2565 887 2606 serendo
905 2564 1018 2620 super
1036 2580 1086 2607 eo
1104 2566 1199 2606 alios
1222 2564 1401 2605 edocear.

235 2615 444 2654 Meministi
466 2631 579 2668 vei-0,
609 2623 738 2661 Frater
761 2623 984 2671 Cariffime,
1015 2634 1055 2663 et
1073 2624 1255 2671 Batavos,
1290 2621 1355 2673 qui
1378 2618 1555 2660 riderent
1572 2619 1631 2667 in·

125 2667 277 2708 terdurn
299 2670 468 2712 editores
489 2675 679 2716 eiusmodi
702 2679 855 2719 ieiunos
876 2680 1026 2721 steriles
1045 2691 1124 2731 que
1145 2690 1283 2717 eorum
1303 2676 1509 2723 editiones,
1537 2688 1631 2718 eum

126 2723 205 2785 sine
227 2727 356 2765 critico
377 2728 519 2769 iudicio
536 2733 727 2775 Letlionis
748 2737 924 2779 Vax-letas
944 2747 986 2780 et
1005 2746 1182 2777 caeterae
1202 2747 1263 2777 res
1292 2734 1385 2776 istae
1412 2729 1632 2788 superiores

126 2792 170 2819 m
188 2780 311 2821 lucem
331 2783 567 2835 prodiissent.
