<?xml version="1.0" encoding="UTF-8"?>
<!DOCTYPE html PUBLIC "-//W3C//DTD XHTML 1.0 Transitional//EN"
    "http://www.w3.org/TR/xhtml1/DTD/xhtml1-transitional.dtd">
<html xmlns="http://www.w3.org/1999/xhtml" xml:lang="en" lang="en">
 <head>
  <title>
</title>
<meta http-equiv="Content-Type" content="text/html;charset=utf-8" />
  <meta name='ocr-system' content='tesseract 3.04.00' />
  <meta name='ocr-capabilities' content='ocr_page ocr_carea ocr_par ocr_line ocrx_word'/>
</head>
<body>
  <div class='ocr_page' id='page_1' title='image "./historiarumlibri02hero/historiarumlibri02hero_0479.png"; bbox 0 0 1717 3082; ppageno 0'>
   <div class='ocr_carea' id='block_1_1' title="bbox 83 60 1577 117">
    <p class='ocr_par' dir='ltr' id='par_1_1' title="bbox 83 60 1577 117">
     <span class='ocr_line' id='line_1_1' title="bbox 83 60 1577 117; baseline -0.007 -5"><span class='ocrx_word' id='word_1_1' title='bbox 83 64 323 113; x_wconf 76' lang='lat' dir='ltr'>LIBERH.</span> <span class='ocrx_word' id='word_1_2' title='bbox 363 62 878 109; x_wconf 78' lang='lat' dir='ltr'>CAP.X111.A.V.C.</span> <span class='ocrx_word' id='word_1_3' title='bbox 908 61 1033 117; x_wconf 82' lang='lat'><strong>946.</strong></span> <span class='ocrx_word' id='word_1_4' title='bbox 1072 61 1212 106; x_wconf 81' lang='lat' dir='ltr'>cHR.</span> <span class='ocrx_word' id='word_1_5' title='bbox 1234 60 1293 106; x_wconf 88' lang='lat' dir='ltr'>N.</span> <span class='ocrx_word' id='word_1_6' title='bbox 1319 67 1435 114; x_wconf 79' lang='lat'>193.</span> <span class='ocrx_word' id='word_1_7' title='bbox 1476 71 1577 111; x_wconf 82' lang='lat'>421</span> 
     </span>
    </p>
   </div>
   <div class='ocr_carea' id='block_1_2' title="bbox 55 170 1580 246">
    <p class='ocr_par' dir='ltr' id='par_1_2' title="bbox 55 170 1580 246">
     <span class='ocr_line' id='line_1_2' title="bbox 55 170 1580 246; baseline -0.003 -17"><span class='ocrx_word' id='word_1_8' title='bbox 55 201 139 237; x_wconf 78' lang='grc' dir='ltr'><strong><em>τες.</em></strong></span> <span class='ocrx_word' id='word_1_9' title='bbox 216 177 421 246; x_wconf 70' lang='grc' dir='ltr'>ἐκέχςητο</span> <span class='ocrx_word' id='word_1_10' title='bbox 454 170 502 225; x_wconf 59' lang='lat' dir='ltr'>d}</span> <span class='ocrx_word' id='word_1_11' title='bbox 531 175 642 225; x_wconf 60' lang='lat' dir='ltr'>nai*</span> <span class='ocrx_word' id='word_1_12' title='bbox 676 171 811 240; x_wconf 64' lang='grc' dir='ltr'>ἄλλῳ</span> <span class='ocrx_word' id='word_1_13' title='bbox 860 195 884 224; x_wconf 84' lang='lat'>2</span> <span class='ocrx_word' id='word_1_14' title='bbox 902 195 944 224; x_wconf 83' lang='lat'>1.</span> <span class='ocrx_word' id='word_1_15' title='bbox 985 179 1099 227; x_wconf 82' lang='lat' dir='ltr'>Usus</span> <span class='ocrx_word' id='word_1_16' title='bbox 1124 191 1268 225; x_wconf 82' lang='lat' dir='ltr'>autem</span> <span class='ocrx_word' id='word_1_17' title='bbox 1290 189 1415 224; x_wconf 78' lang='lat' dir='ltr'>antea</span> <span class='ocrx_word' id='word_1_18' title='bbox 1439 179 1580 226; x_wconf 83' lang='lat' dir='ltr'>fuerat</span> 
     </span>
    </p>
   </div>
   <div class='ocr_carea' id='block_1_3' title="bbox 54 245 1574 400">
    <p class='ocr_par' dir='ltr' id='par_1_3' title="bbox 54 245 1574 400">
     <span class='ocr_line' id='line_1_3' title="bbox 55 245 1574 324; baseline -0.003 -18"><span class='ocrx_word' id='word_1_19' title='bbox 55 257 76 306; x_wconf 81' lang='grc' dir='ltr'><strong><em>ὁ</em></strong></span> <span class='ocrx_word' id='word_1_20' title='bbox 118 254 307 324; x_wconf 66' lang='grc' dir='ltr'><em>Σεβῆξος</em></span> <span class='ocrx_word' id='word_1_21' title='bbox 362 256 640 318; x_wconf 72' lang='grc' dir='ltr'><em>σοφίσματι.</em></span> <span class='ocrx_word' id='word_1_22' title='bbox 743 245 811 300; x_wconf 64' lang='lat' dir='ltr'>ds—</span> <span class='ocrx_word' id='word_1_23' title='bbox 852 259 983 303; x_wconf 80' lang='lat' dir='ltr'>etiam</span> <span class='ocrx_word' id='word_1_24' title='bbox 1011 258 1574 302; x_wconf 76' lang='lat' dir='ltr'>alioseveruscommento.</span> 
     </span>
     <span class='ocr_line' id='line_1_4' title="bbox 54 326 1572 400; baseline -0.005 -17"><span class='ocrx_word' id='word_1_25' title='bbox 54 327 155 390; x_wconf 66' lang='grc' dir='ltr'>διώς</span> <span class='ocrx_word' id='word_1_26' title='bbox 188 329 310 400; x_wconf 56' lang='lat' dir='ltr'>yde,</span> <span class='ocrx_word' id='word_1_27' title='bbox 365 326 427 396; x_wconf 66' lang='lat' dir='ltr'>(ui</span> <span class='ocrx_word' id='word_1_28' title='bbox 470 326 584 399; x_wconf 70' lang='grc' dir='ltr'>ἄξοι,</span> <span class='ocrx_word' id='word_1_29' title='bbox 626 326 749 393; x_wconf 63' lang='lat' dir='ltr'>,asne</span> <span class='ocrx_word' id='word_1_30' title='bbox 786 333 805 359; x_wconf 65' lang='grc' dir='ltr'><strong><em>Υ</em></strong></span> <span class='ocrx_word' id='word_1_31' title='bbox 844 335 1020 380; x_wconf 76' lang='lat' dir='ltr'>Veritus</span> <span class='ocrx_word' id='word_1_32' title='bbox 1044 334 1176 385; x_wconf 87' lang='lat' dir='ltr'>enim,</span> <span class='ocrx_word' id='word_1_33' title='bbox 1207 348 1264 377; x_wconf 88' lang='lat' dir='ltr'>ne</span> <span class='ocrx_word' id='word_1_34' title='bbox 1287 330 1425 387; x_wconf 78' lang='lat' dir='ltr'>forte,</span> <span class='ocrx_word' id='word_1_35' title='bbox 1456 327 1572 395; x_wconf 84' lang='lat' dir='ltr'>post-</span> 
     </span>
    </p>
   </div>
   <div class='ocr_carea' id='block_1_4' title="bbox 54 465 1574 558">
    <p class='ocr_par' dir='ltr' id='par_1_4' title="bbox 54 465 1574 558">
     <span class='ocr_line' id='line_1_5' title="bbox 142 465 1574 515; baseline -0.006 -10"><span class='ocrx_word' id='word_1_36' title='bbox 142 472 181 515; x_wconf 69' lang='grc' dir='ltr'>κ)</span> <span class='ocrx_word' id='word_1_37' title='bbox 204 475 254 504; x_wconf 68' lang='grc' dir='ltr'>καὶ</span> <span class='ocrx_word' id='word_1_38' title='bbox 283 470 411 502; x_wconf 85' lang='lat' dir='ltr'>omittit</span> <span class='ocrx_word' id='word_1_39' title='bbox 433 471 493 502; x_wconf 87' lang='lat' dir='ltr'>Lu.</span> <span class='ocrx_word' id='word_1_40' title='bbox 521 468 694 503; x_wconf 85' lang='lat' dir='ltr'>mendose.</span> <span class='ocrx_word' id='word_1_41' title='bbox 767 474 797 511; x_wconf 85' lang='lat' dir='ltr'>y)</span> <span class='ocrx_word' id='word_1_42' title='bbox 829 471 861 501; x_wconf 88' lang='lat' dir='ltr'>ln</span> <span class='ocrx_word' id='word_1_43' title='bbox 891 469 953 500; x_wconf 78' lang='grc' dir='ltr'>Μς.</span> <span class='ocrx_word' id='word_1_44' title='bbox 973 469 1028 501; x_wconf 88' lang='lat' dir='ltr'>Vi.</span> <span class='ocrx_word' id='word_1_45' title='bbox 1055 472 1131 505; x_wconf 78' lang='grc' dir='ltr'>μετὶ</span> <span class='ocrx_word' id='word_1_46' title='bbox 1161 465 1261 498; x_wconf 82' lang='lat' dir='ltr'>deest.</span> <span class='ocrx_word' id='word_1_47' title='bbox 1292 467 1364 499; x_wconf 72' lang='lat' dir='ltr'>Lac.</span> <span class='ocrx_word' id='word_1_48' title='bbox 1398 465 1574 502; x_wconf 84' lang='lat' dir='ltr'>mendose,</span> 
     </span>
     <span class='ocr_line' id='line_1_6' title="bbox 54 510 1573 558; baseline -0.005 -8"><span class='ocrx_word' id='word_1_49' title='bbox 54 518 109 550; x_wconf 80' lang='lat' dir='ltr'>sed</span> <span class='ocrx_word' id='word_1_50' title='bbox 134 519 225 550; x_wconf 70' lang='lat' dir='ltr'>forte</span> <span class='ocrx_word' id='word_1_51' title='bbox 255 516 299 548; x_wconf 88' lang='lat' dir='ltr'>ob</span> <span class='ocrx_word' id='word_1_52' title='bbox 329 526 380 558; x_wconf 87' lang='lat' dir='ltr'>pr.</span> <span class='ocrx_word' id='word_1_53' title='bbox 408 513 530 547; x_wconf 75' lang='lat' dir='ltr'>ssmiles</span> <span class='ocrx_word' id='word_1_54' title='bbox 552 525 669 548; x_wconf 83' lang='lat' dir='ltr'>voces.</span> <span class='ocrx_word' id='word_1_55' title='bbox 715 515 788 548; x_wconf 87' lang='lat' dir='ltr'>Post</span> <span class='ocrx_word' id='word_1_56' title='bbox 808 518 865 558; x_wconf 64' lang='grc' dir='ltr'>ἔρα</span> <span class='ocrx_word' id='word_1_57' title='bbox 884 524 996 547; x_wconf 82' lang='lat' dir='ltr'>autem</span> <span class='ocrx_word' id='word_1_58' title='bbox 1014 513 1136 546; x_wconf 81' lang='lat' dir='ltr'>nullibi</span> <span class='ocrx_word' id='word_1_59' title='bbox 1160 522 1289 545; x_wconf 85' lang='lat' dir='ltr'>comma</span> <span class='ocrx_word' id='word_1_60' title='bbox 1316 521 1409 549; x_wconf 86' lang='lat' dir='ltr'>erat,</span> <span class='ocrx_word' id='word_1_61' title='bbox 1446 521 1508 543; x_wconf 80' lang='lat' dir='ltr'>nec</span> <span class='ocrx_word' id='word_1_62' title='bbox 1536 510 1573 542; x_wconf 79' lang='lat' dir='ltr'>in</span> 
     </span>
    </p>
   </div>
   <div class='ocr_carea' id='block_1_5' title="bbox 53 564 196 604">
    <p class='ocr_par' dir='ltr' id='par_1_5' title="bbox 53 564 196 604">
     <span class='ocr_line' id='line_1_7' title="bbox 53 564 196 604; baseline -0.035 -5"><span class='ocrx_word' id='word_1_63' title='bbox 53 566 117 600; x_wconf 76' lang='lat' dir='ltr'>MS.</span> <span class='ocrx_word' id='word_1_64' title='bbox 138 564 196 604; x_wconf 81' lang='lat' dir='ltr'>ssg.</span> 
     </span>
    </p>
   </div>
   <div class='ocr_carea' id='block_1_6' title="bbox 46 666 1577 2744">
    <p class='ocr_par' dir='ltr' id='par_1_6' title="bbox 47 666 1574 2102">
     <span class='ocr_line' id='line_1_8' title="bbox 151 666 1572 716; baseline -0.007 -4"><span class='ocrx_word' id='word_1_65' title='bbox 151 674 262 713; x_wconf 84' lang='lat' dir='ltr'>Error</span> <span class='ocrx_word' id='word_1_66' title='bbox 284 671 367 709; x_wconf 85' lang='lat' dir='ltr'>sane</span> <span class='ocrx_word' id='word_1_67' title='bbox 390 670 510 708; x_wconf 66' lang='lat' dir='ltr'>facitis</span> <span class='ocrx_word' id='word_1_68' title='bbox 531 683 610 709; x_wconf 82' lang='lat' dir='ltr'>erat</span> <span class='ocrx_word' id='word_1_69' title='bbox 627 672 668 710; x_wconf 87' lang='lat' dir='ltr'>in</span> <span class='ocrx_word' id='word_1_70' title='bbox 688 673 877 710; x_wconf 77' lang='lat' dir='ltr'>vocalibus</span> <span class='ocrx_word' id='word_1_71' title='bbox 896 690 919 710; x_wconf 83' lang='grc' dir='ltr'><em>ω</em></span> <span class='ocrx_word' id='word_1_72' title='bbox 938 685 974 709; x_wconf 91' lang='lat' dir='ltr'>et</span> <span class='ocrx_word' id='word_1_73' title='bbox 995 688 1056 710; x_wconf 71' lang='lat' dir='ltr'>w·</span> <span class='ocrx_word' id='word_1_74' title='bbox 1092 670 1153 708; x_wconf 83' lang='lat' dir='ltr'>sed</span> <span class='ocrx_word' id='word_1_75' title='bbox 1174 680 1218 707; x_wconf 84' lang='lat' dir='ltr'>ut</span> <span class='ocrx_word' id='word_1_76' title='bbox 1238 680 1276 706; x_wconf 86' lang='lat' dir='ltr'>et</span> <span class='ocrx_word' id='word_1_77' title='bbox 1305 666 1441 704; x_wconf 82' lang='lat' dir='ltr'>librarii</span> <span class='ocrx_word' id='word_1_78' title='bbox 1467 668 1572 716; x_wconf 84' lang='lat' dir='ltr'>inge-</span> 
     </span>
     <span class='ocr_line' id='line_1_9' title="bbox 52 716 1571 771; baseline -0.007 -10"><span class='ocrx_word' id='word_1_79' title='bbox 52 722 155 761; x_wconf 86' lang='lat' dir='ltr'>nium</span> <span class='ocrx_word' id='word_1_80' title='bbox 174 722 345 770; x_wconf 76' lang='lat' dir='ltr'>suspicari</span> <span class='ocrx_word' id='word_1_81' title='bbox 365 721 504 771; x_wconf 60' lang='lat' dir='ltr'>postes,</span> <span class='ocrx_word' id='word_1_82' title='bbox 530 733 572 757; x_wconf 87' lang='lat' dir='ltr'>ut</span> <span class='ocrx_word' id='word_1_83' title='bbox 591 723 695 770; x_wconf 83' lang='lat' dir='ltr'>supra</span> <span class='ocrx_word' id='word_1_84' title='bbox 719 722 788 759; x_wconf 91' lang='lat' dir='ltr'>iam</span> <span class='ocrx_word' id='word_1_85' title='bbox 804 725 890 759; x_wconf 84' lang='lat' dir='ltr'><strong>Mss.</strong></span> <span class='ocrx_word' id='word_1_86' title='bbox 910 723 1020 758; x_wconf 85' lang='lat' dir='ltr'>nostri</span> <span class='ocrx_word' id='word_1_87' title='bbox 1040 722 1119 758; x_wconf 73' lang='lat' dir='ltr'>adv.</span> <span class='ocrx_word' id='word_1_88' title='bbox 1142 720 1334 756; x_wconf 77' lang='lat' dir='ltr'>mutabant</span> <span class='ocrx_word' id='word_1_89' title='bbox 1356 718 1392 752; x_wconf 87' lang='lat' dir='ltr'>in</span> <span class='ocrx_word' id='word_1_90' title='bbox 1414 716 1506 756; x_wconf 64' lang='lat' dir='ltr'>adi„</span> <span class='ocrx_word' id='word_1_91' title='bbox 1533 729 1571 752; x_wconf 83' lang='lat' dir='ltr'>v.</span> 
     </span>
     <span class='ocr_line' id='line_1_10' title="bbox 51 765 1571 820; baseline -0.011 -4"><span class='ocrx_word' id='word_1_92' title='bbox 51 788 88 815; x_wconf 68' lang='lat'>2⁵</span> <span class='ocrx_word' id='word_1_93' title='bbox 109 777 145 816; x_wconf 70' lang='lat'>6·</span> <span class='ocrx_word' id='word_1_94' title='bbox 164 784 222 809; x_wconf 85' lang='lat'>22·</span> <span class='ocrx_word' id='word_1_95' title='bbox 252 786 286 814; x_wconf 72' lang='lat'>22</span> <span class='ocrx_word' id='word_1_96' title='bbox 305 786 341 820; x_wconf 63' lang='lat'>9,</span> <span class='ocrx_word' id='word_1_97' title='bbox 367 782 420 819; x_wconf 84' lang='lat'>¹3-</span> <span class='ocrx_word' id='word_1_98' title='bbox 450 785 486 812; x_wconf 73' lang='lat'>2,</span> <span class='ocrx_word' id='word_1_99' title='bbox 510 783 566 813; x_wconf 84' lang='lat'>10,</span> <span class='ocrx_word' id='word_1_100' title='bbox 596 785 673 813; x_wconf 80' lang='lat'>11.‚</span> <span class='ocrx_word' id='word_1_101' title='bbox 708 773 748 809; x_wconf 85' lang='lat' dir='ltr'>in</span> <span class='ocrx_word' id='word_1_102' title='bbox 780 772 905 820; x_wconf 83' lang='lat' dir='ltr'>primis</span> <span class='ocrx_word' id='word_1_103' title='bbox 926 784 1008 808; x_wconf 86' lang='lat' dir='ltr'>cum</span> <span class='ocrx_word' id='word_1_104' title='bbox 1033 768 1230 807; x_wconf 75' lang='lat' dir='ltr'>Glossarori</span> <span class='ocrx_word' id='word_1_105' title='bbox 1257 766 1413 804; x_wconf 73' lang='lat' dir='ltr'>fortaffis</span> <span class='ocrx_word' id='word_1_106' title='bbox 1442 765 1571 814; x_wconf 78' lang='lat' dir='ltr'>potius</span> 
     </span>
     <span class='ocr_line' id='line_1_11' title="bbox 51 819 1570 870; baseline -0.007 -9"><span class='ocrx_word' id='word_1_107' title='bbox 51 822 142 861; x_wconf 73' lang='lat' dir='ltr'>effet</span> <span class='ocrx_word' id='word_1_108' title='bbox 163 821 259 864; x_wconf 84' lang='lat' dir='ltr'>adi..</span> <span class='ocrx_word' id='word_1_109' title='bbox 296 834 408 870; x_wconf 83' lang='lat' dir='ltr'>quam</span> <span class='ocrx_word' id='word_1_110' title='bbox 428 820 532 862; x_wconf 57' lang='lat' dir='ltr'>adv„</span> <span class='ocrx_word' id='word_1_111' title='bbox 562 821 663 868; x_wconf 89' lang='lat' dir='ltr'>quod</span> <span class='ocrx_word' id='word_1_112' title='bbox 678 847 687 863; x_wconf 92' lang='lat'><em>,</em></span> <span class='ocrx_word' id='word_1_113' title='bbox 720 835 798 858; x_wconf 82' lang='lat' dir='ltr'>non</span> <span class='ocrx_word' id='word_1_114' title='bbox 811 833 998 870; x_wconf 84' lang='lat' dir='ltr'>repertum</span> <span class='ocrx_word' id='word_1_115' title='bbox 1013 821 1102 857; x_wconf 85' lang='lat' dir='ltr'>mihi</span> <span class='ocrx_word' id='word_1_116' title='bbox 1123 833 1178 866; x_wconf 85' lang='lat' dir='ltr'>ap.</span> <span class='ocrx_word' id='word_1_117' title='bbox 1195 820 1273 865; x_wconf 79' lang='lat' dir='ltr'><strong>Stp.</strong></span> <span class='ocrx_word' id='word_1_118' title='bbox 1294 819 1368 852; x_wconf 70' lang='lat' dir='ltr'>Th.</span> <span class='ocrx_word' id='word_1_119' title='bbox 1383 843 1392 857; x_wconf 87' lang='lat'><strong>‚</strong></span> <span class='ocrx_word' id='word_1_120' title='bbox 1421 827 1492 852; x_wconf 82' lang='lat' dir='ltr'>nec</span> <span class='ocrx_word' id='word_1_121' title='bbox 1503 827 1570 862; x_wconf 85' lang='lat' dir='ltr'>per</span> 
     </span>
     <span class='ocr_line' id='line_1_12' title="bbox 51 865 1569 913; baseline -0.007 -3"><span class='ocrx_word' id='word_1_122' title='bbox 51 871 180 913; x_wconf 63' lang='lat' dir='ltr'>nidd„</span> <span class='ocrx_word' id='word_1_123' title='bbox 217 882 255 907; x_wconf 85' lang='lat' dir='ltr'>et</span> <span class='ocrx_word' id='word_1_124' title='bbox 274 869 312 907; x_wconf 89' lang='lat' dir='ltr'>in</span> <span class='ocrx_word' id='word_1_125' title='bbox 335 873 395 908; x_wconf 86' lang='lat' dir='ltr'>Sb.</span> <span class='ocrx_word' id='word_1_126' title='bbox 418 871 533 907; x_wconf 84' lang='lat' dir='ltr'>modo</span> <span class='ocrx_word' id='word_1_127' title='bbox 554 869 642 908; x_wconf 91' lang='lat' dir='ltr'>hinc</span> <span class='ocrx_word' id='word_1_128' title='bbox 662 870 739 907; x_wconf 82' lang='lat' dir='ltr'>fine</span> <span class='ocrx_word' id='word_1_129' title='bbox 763 874 848 913; x_wconf 84' lang='lat' dir='ltr'>Vs.,</span> <span class='ocrx_word' id='word_1_130' title='bbox 884 871 958 907; x_wconf 82' lang='lat' dir='ltr'>ferr</span> <span class='ocrx_word' id='word_1_131' title='bbox 978 882 1102 908; x_wconf 81' lang='lat' dir='ltr'>tamen</span> <span class='ocrx_word' id='word_1_132' title='bbox 1128 872 1169 907; x_wconf 86' lang='lat' dir='ltr'>L.</span> <span class='ocrx_word' id='word_1_133' title='bbox 1191 869 1275 904; x_wconf 86' lang='lat' dir='ltr'>Ern.</span> <span class='ocrx_word' id='word_1_134' title='bbox 1305 866 1409 908; x_wconf 79' lang='lat' dir='ltr'>„line</span> <span class='ocrx_word' id='word_1_135' title='bbox 1430 865 1569 900; x_wconf 67' lang='lat' dir='ltr'>armiscr</span> 
     </span>
     <span class='ocr_line' id='line_1_13' title="bbox 51 915 1572 971; baseline -0.007 -13"><span class='ocrx_word' id='word_1_136' title='bbox 51 923 115 971; x_wconf 86' lang='lat' dir='ltr'>qui</span> <span class='ocrx_word' id='word_1_137' title='bbox 137 921 243 958; x_wconf 82' lang='lat' dir='ltr'>vivus</span> <span class='ocrx_word' id='word_1_138' title='bbox 265 933 351 958; x_wconf 88' lang='lat' dir='ltr'>eum</span> <span class='ocrx_word' id='word_1_139' title='bbox 372 920 538 962; x_wconf 83' lang='lat' dir='ltr'>tolerarit</span> <span class='ocrx_word' id='word_1_140' title='bbox 558 921 630 958; x_wconf 89' lang='lat' dir='ltr'>hoc</span> <span class='ocrx_word' id='word_1_141' title='bbox 648 921 730 957; x_wconf 87' lang='lat' dir='ltr'>adv.</span> <span class='ocrx_word' id='word_1_142' title='bbox 752 933 790 959; x_wconf 88' lang='lat' dir='ltr'>et</span> <span class='ocrx_word' id='word_1_143' title='bbox 809 921 908 958; x_wconf 88' lang='lat' dir='ltr'>forte</span> <span class='ocrx_word' id='word_1_144' title='bbox 929 919 1069 957; x_wconf 84' lang='lat' dir='ltr'>notarit</span> <span class='ocrx_word' id='word_1_145' title='bbox 1090 917 1349 954; x_wconf 61' lang='lat' dir='ltr'>aufioritatem</span> <span class='ocrx_word' id='word_1_146' title='bbox 1359 915 1465 951; x_wconf 78' lang='lat' dir='ltr'>aliam</span> <span class='ocrx_word' id='word_1_147' title='bbox 1477 924 1572 961; x_wconf 87' lang='lat' dir='ltr'>quo·</span> 
     </span>
     <span class='ocr_line' id='line_1_14' title="bbox 52 961 1570 1019; baseline -0.007 -11"><span class='ocrx_word' id='word_1_148' title='bbox 52 984 150 1019; x_wconf 87' lang='lat' dir='ltr'>que,</span> <span class='ocrx_word' id='word_1_149' title='bbox 185 981 330 1018; x_wconf 78' lang='lat' dir='ltr'>praeter</span> <span class='ocrx_word' id='word_1_150' title='bbox 350 970 444 1005; x_wconf 78' lang='lat' dir='ltr'>hanc</span> <span class='ocrx_word' id='word_1_151' title='bbox 461 970 608 1013; x_wconf 85' lang='lat' dir='ltr'>Nostri,</span> <span class='ocrx_word' id='word_1_152' title='bbox 642 983 721 1007; x_wconf 88' lang='lat' dir='ltr'>non</span> <span class='ocrx_word' id='word_1_153' title='bbox 749 971 924 1019; x_wconf 80' lang='lat' dir='ltr'>equidem</span> <span class='ocrx_word' id='word_1_154' title='bbox 949 969 1071 1007; x_wconf 87' lang='lat' dir='ltr'>subito</span> <span class='ocrx_word' id='word_1_155' title='bbox 1102 978 1255 1016; x_wconf 82' lang='lat' dir='ltr'>propter</span> <span class='ocrx_word' id='word_1_156' title='bbox 1279 968 1389 1006; x_wconf 49' lang='lat' dir='ltr'>Nisa,</span> <span class='ocrx_word' id='word_1_157' title='bbox 1423 964 1467 999; x_wconf 92' lang='lat' dir='ltr'>de</span> <span class='ocrx_word' id='word_1_158' title='bbox 1494 961 1570 998; x_wconf 83' lang='lat' dir='ltr'>fide</span> 
     </span>
     <span class='ocr_line' id='line_1_15' title="bbox 50 1011 1571 1068; baseline -0.008 -10"><span class='ocrx_word' id='word_1_159' title='bbox 50 1020 236 1068; x_wconf 58' lang='lat' dir='ltr'>suspefiims</span> <span class='ocrx_word' id='word_1_160' title='bbox 256 1019 390 1061; x_wconf 87' lang='lat' dir='ltr'>nimis,</span> <span class='ocrx_word' id='word_1_161' title='bbox 420 1019 456 1054; x_wconf 89' lang='lat' dir='ltr'>id</span> <span class='ocrx_word' id='word_1_162' title='bbox 479 1018 666 1068; x_wconf 85' lang='lat' dir='ltr'>respuam,</span> <span class='ocrx_word' id='word_1_163' title='bbox 696 1033 778 1057; x_wconf 87' lang='lat' dir='ltr'>cum</span> <span class='ocrx_word' id='word_1_164' title='bbox 801 1031 987 1068; x_wconf 78' lang='lat' dir='ltr'>praeterea</span> <span class='ocrx_word' id='word_1_165' title='bbox 1002 1046 1011 1062; x_wconf 95' lang='lat'>,</span> <span class='ocrx_word' id='word_1_166' title='bbox 1040 1016 1177 1055; x_wconf 83' lang='lat' dir='ltr'>etiamfi</span> <span class='ocrx_word' id='word_1_167' title='bbox 1197 1015 1306 1051; x_wconf 70' lang='lat' dir='ltr'>asoto</span> <span class='ocrx_word' id='word_1_168' title='bbox 1322 1011 1571 1051; x_wconf 67' lang='lat' dir='ltr'>Nostrousur-</span> 
     </span>
     <span class='ocr_line' id='line_1_16' title="bbox 50 1062 1570 1120; baseline -0.008 -13"><span class='ocrx_word' id='word_1_169' title='bbox 50 1082 201 1120; x_wconf 83' lang='lat' dir='ltr'>patum,</span> <span class='ocrx_word' id='word_1_170' title='bbox 234 1069 441 1118; x_wconf 79' lang='lat' dir='ltr'>analogiam</span> <span class='ocrx_word' id='word_1_171' title='bbox 464 1069 596 1106; x_wconf 81' lang='lat' dir='ltr'>habeat</span> <span class='ocrx_word' id='word_1_172' title='bbox 621 1080 747 1107; x_wconf 82' lang='lat' dir='ltr'>tamen</span> <span class='ocrx_word' id='word_1_173' title='bbox 776 1082 859 1107; x_wconf 89' lang='lat' dir='ltr'>tum</span> <span class='ocrx_word' id='word_1_174' title='bbox 885 1082 950 1117; x_wconf 86' lang='lat' dir='ltr'>per</span> <span class='ocrx_word' id='word_1_175' title='bbox 979 1069 1015 1104; x_wconf 84' lang='lat' dir='ltr'>se</span> <span class='ocrx_word' id='word_1_176' title='bbox 1039 1068 1214 1114; x_wconf 88' lang='lat' dir='ltr'>suamque</span> <span class='ocrx_word' id='word_1_177' title='bbox 1243 1062 1570 1110; x_wconf 61' lang='lat' dir='ltr'>compositionem,</span> 
     </span>
     <span class='ocr_line' id='line_1_17' title="bbox 47 1113 1570 1168; baseline -0.009 -10"><span class='ocrx_word' id='word_1_178' title='bbox 47 1132 131 1158; x_wconf 89' lang='lat' dir='ltr'>tum</span> <span class='ocrx_word' id='word_1_179' title='bbox 155 1119 281 1168; x_wconf 83' lang='lat' dir='ltr'>quoad</span> <span class='ocrx_word' id='word_1_180' title='bbox 303 1117 446 1155; x_wconf 81' lang='lat' dir='ltr'>incedit</span> <span class='ocrx_word' id='word_1_181' title='bbox 465 1131 547 1155; x_wconf 87' lang='lat' dir='ltr'>cum</span> <span class='ocrx_word' id='word_1_182' title='bbox 570 1131 604 1155; x_wconf 90' lang='lat' dir='ltr'>v.</span> <span class='ocrx_word' id='word_1_183' title='bbox 622 1123 720 1162; x_wconf 56' lang='lat'>329..</span> <span class='ocrx_word' id='word_1_184' title='bbox 756 1121 855 1166; x_wconf 86' lang='lat' dir='ltr'>quod</span> <span class='ocrx_word' id='word_1_185' title='bbox 877 1131 960 1155; x_wconf 86' lang='lat' dir='ltr'>cum</span> <span class='ocrx_word' id='word_1_186' title='bbox 989 1118 1070 1155; x_wconf 81' lang='lat' dir='ltr'>adv.</span> <span class='ocrx_word' id='word_1_187' title='bbox 1091 1115 1212 1164; x_wconf 81' lang='lat' dir='ltr'>reperi</span> <span class='ocrx_word' id='word_1_188' title='bbox 1240 1118 1354 1150; x_wconf 75' lang='lat' dir='ltr'>modo</span> <span class='ocrx_word' id='word_1_189' title='bbox 1376 1126 1432 1159; x_wconf 83' lang='lat' dir='ltr'>ap.</span> <span class='ocrx_word' id='word_1_190' title='bbox 1453 1113 1570 1147; x_wconf 86' lang='lat' dir='ltr'>Hom.</span> 
     </span>
     <span class='ocr_line' id='line_1_18' title="bbox 48 1163 1569 1215; baseline -0.004 -8"><span class='ocrx_word' id='word_1_191' title='bbox 48 1172 107 1207; x_wconf 63' lang='grc' dir='ltr'>Ἴθι.</span> <span class='ocrx_word' id='word_1_192' title='bbox 127 1167 173 1215; x_wconf 75' lang='grc' dir='ltr'>β’,</span> <span class='ocrx_word' id='word_1_193' title='bbox 195 1178 275 1210; x_wconf 77' lang='grc'><strong>33..</strong></span> <span class='ocrx_word' id='word_1_194' title='bbox 301 1167 360 1205; x_wconf 80' lang='lat' dir='ltr'>sed</span> <span class='ocrx_word' id='word_1_195' title='bbox 378 1168 614 1215; x_wconf 82' lang='lat' dir='ltr'>frequentius</span> <span class='ocrx_word' id='word_1_196' title='bbox 635 1182 718 1206; x_wconf 88' lang='lat' dir='ltr'>cum</span> <span class='ocrx_word' id='word_1_197' title='bbox 741 1169 838 1212; x_wconf 80' lang='lat' dir='ltr'>adi..</span> <span class='ocrx_word' id='word_1_198' title='bbox 865 1183 896 1205; x_wconf 88' lang='lat' dir='ltr'>v.</span> <span class='ocrx_word' id='word_1_199' title='bbox 909 1168 996 1205; x_wconf 80' lang='lat' dir='ltr'>Hes.</span> <span class='ocrx_word' id='word_1_200' title='bbox 1016 1173 1088 1212; x_wconf 68' lang='grc' dir='ltr'>ἔςγ.</span> <span class='ocrx_word' id='word_1_201' title='bbox 1109 1179 1142 1201; x_wconf 83' lang='lat' dir='ltr'>v·</span> <span class='ocrx_word' id='word_1_202' title='bbox 1163 1176 1245 1208; x_wconf 79' lang='lat'>417·</span> <span class='ocrx_word' id='word_1_203' title='bbox 1275 1163 1365 1199; x_wconf 67' lang='lat' dir='ltr'>Caii·</span> <span class='ocrx_word' id='word_1_204' title='bbox 1387 1175 1445 1207; x_wconf 72' lang='lat' dir='ltr'>ep·</span> <span class='ocrx_word' id='word_1_205' title='bbox 1460 1169 1521 1203; x_wconf 70' lang='lat'>48,</span> <span class='ocrx_word' id='word_1_206' title='bbox 1537 1170 1569 1206; x_wconf 85' lang='lat'>3·</span> 
     </span>
     <span class='ocr_line' id='line_1_19' title="bbox 48 1213 1569 1266; baseline -0.007 -9"><span class='ocrx_word' id='word_1_207' title='bbox 48 1220 171 1266; x_wconf 85' lang='lat' dir='ltr'>Orph.</span> <span class='ocrx_word' id='word_1_208' title='bbox 190 1219 224 1253; x_wconf 90' lang='lat' dir='ltr'>h.</span> <span class='ocrx_word' id='word_1_209' title='bbox 248 1226 305 1261; x_wconf 84' lang='lat'>80,</span> <span class='ocrx_word' id='word_1_210' title='bbox 324 1231 350 1264; x_wconf 84' lang='lat'>5.</span> <span class='ocrx_word' id='word_1_211' title='bbox 377 1219 463 1254; x_wconf 88' lang='lat' dir='ltr'>Abr.</span> <span class='ocrx_word' id='word_1_212' title='bbox 485 1217 528 1253; x_wconf 79' lang='lat' dir='ltr'>ad</span> <span class='ocrx_word' id='word_1_213' title='bbox 551 1218 682 1254; x_wconf 83' lang='lat' dir='ltr'>Aesch.</span> <span class='ocrx_word' id='word_1_214' title='bbox 706 1233 736 1261; x_wconf 89' lang='lat'>1,</span> <span class='ocrx_word' id='word_1_215' title='bbox 761 1231 906 1260; x_wconf 75' lang='lat' dir='ltr'>302.m.</span> <span class='ocrx_word' id='word_1_216' title='bbox 928 1231 966 1255; x_wconf 89' lang='lat' dir='ltr'>et</span> <span class='ocrx_word' id='word_1_217' title='bbox 987 1219 1063 1254; x_wconf 89' lang='lat' dir='ltr'>Ind.</span> <span class='ocrx_word' id='word_1_218' title='bbox 1089 1217 1145 1252; x_wconf 76' lang='lat' dir='ltr'>Rs.</span> <span class='ocrx_word' id='word_1_219' title='bbox 1167 1217 1230 1250; x_wconf 26' lang='lat' dir='ltr'>Or*</span> <span class='ocrx_word' id='word_1_220' title='bbox 1253 1215 1344 1258; x_wconf 79' lang='lat' dir='ltr'>V.4.</span> <span class='ocrx_word' id='word_1_221' title='bbox 1368 1224 1450 1247; x_wconf 86' lang='lat' dir='ltr'>cum</span> <span class='ocrx_word' id='word_1_222' title='bbox 1464 1213 1569 1251; x_wconf 84' lang='lat' dir='ltr'>Luc..</span> 
     </span>
     <span class='ocr_line' id='line_1_20' title="bbox 50 1259 1570 1316; baseline -0.007 -13"><span class='ocrx_word' id='word_1_223' title='bbox 50 1270 115 1316; x_wconf 87' lang='lat' dir='ltr'>qui</span> <span class='ocrx_word' id='word_1_224' title='bbox 137 1279 176 1305; x_wconf 92' lang='lat' dir='ltr'>et</span> <span class='ocrx_word' id='word_1_225' title='bbox 198 1267 272 1314; x_wconf 80' lang='lat' dir='ltr'>ipse</span> <span class='ocrx_word' id='word_1_226' title='bbox 299 1267 382 1304; x_wconf 83' lang='lat' dir='ltr'>usus</span> <span class='ocrx_word' id='word_1_227' title='bbox 402 1267 640 1314; x_wconf 81' lang='lat' dir='ltr'>frequentior</span> <span class='ocrx_word' id='word_1_228' title='bbox 658 1268 904 1305; x_wconf 76' lang='lat' dir='ltr'>Gloffatorem</span> <span class='ocrx_word' id='word_1_229' title='bbox 933 1266 1113 1315; x_wconf 67' lang='lat' dir='ltr'>instigaris</span> <span class='ocrx_word' id='word_1_230' title='bbox 1134 1263 1176 1301; x_wconf 86' lang='lat' dir='ltr'>ad</span> <span class='ocrx_word' id='word_1_231' title='bbox 1202 1262 1418 1299; x_wconf 71' lang='lat' dir='ltr'>novandum</span> <span class='ocrx_word' id='word_1_232' title='bbox 1433 1286 1441 1302; x_wconf 93' lang='lat'>,</span> <span class='ocrx_word' id='word_1_233' title='bbox 1478 1259 1570 1295; x_wconf 82' lang='lat' dir='ltr'>ficut</span> 
     </span>
     <span class='ocr_line' id='line_1_21' title="bbox 50 1312 1573 1367; baseline -0.003 -14"><span class='ocrx_word' id='word_1_234' title='bbox 50 1331 118 1367; x_wconf 87' lang='lat' dir='ltr'>pro</span> <span class='ocrx_word' id='word_1_235' title='bbox 147 1319 236 1353; x_wconf 82' lang='lat' dir='ltr'>Mss.</span> <span class='ocrx_word' id='word_1_236' title='bbox 264 1317 359 1354; x_wconf 81' lang='lat' dir='ltr'>nihil</span> <span class='ocrx_word' id='word_1_237' title='bbox 384 1317 500 1354; x_wconf 82' lang='lat' dir='ltr'>efficit</span> <span class='ocrx_word' id='word_1_238' title='bbox 516 1318 554 1353; x_wconf 89' lang='lat' dir='ltr'>P.</span> <span class='ocrx_word' id='word_1_239' title='bbox 580 1316 675 1360; x_wconf 61' lang='lat' dir='ltr'>adi„</span> <span class='ocrx_word' id='word_1_240' title='bbox 710 1320 812 1367; x_wconf 90' lang='lat' dir='ltr'>quod</span> <span class='ocrx_word' id='word_1_241' title='bbox 840 1322 900 1367; x_wconf 74' lang='lat' dir='ltr'>Eg.</span> <span class='ocrx_word' id='word_1_242' title='bbox 925 1317 1064 1356; x_wconf 75' lang='lat' dir='ltr'>servat,</span> <span class='ocrx_word' id='word_1_243' title='bbox 1104 1326 1182 1350; x_wconf 93' lang='lat' dir='ltr'>non</span> <span class='ocrx_word' id='word_1_244' title='bbox 1206 1313 1295 1350; x_wconf 88' lang='lat' dir='ltr'>item</span> <span class='ocrx_word' id='word_1_245' title='bbox 1319 1312 1401 1348; x_wconf 40' lang='lat' dir='ltr'>&#39;Sch1</span> <span class='ocrx_word' id='word_1_246' title='bbox 1438 1319 1573 1349; x_wconf 76' lang='lat' dir='ltr'>„more</span> 
     </span>
     <span class='ocr_line' id='line_1_22' title="bbox 49 1357 1570 1410; baseline -0.008 -6"><span class='ocrx_word' id='word_1_247' title='bbox 49 1367 268 1404; x_wconf 65' lang='lat' dir='ltr'>inermiumu</span> <span class='ocrx_word' id='word_1_248' title='bbox 295 1379 380 1404; x_wconf 88' lang='lat' dir='ltr'>cum</span> <span class='ocrx_word' id='word_1_249' title='bbox 402 1368 477 1402; x_wconf 85' lang='lat' dir='ltr'>Lat.</span> <span class='ocrx_word' id='word_1_250' title='bbox 503 1380 580 1403; x_wconf 85' lang='lat' dir='ltr'>non</span> <span class='ocrx_word' id='word_1_251' title='bbox 604 1367 765 1404; x_wconf 85' lang='lat' dir='ltr'>habeant</span> <span class='ocrx_word' id='word_1_252' title='bbox 785 1370 888 1410; x_wconf 83' lang='lat' dir='ltr'>adv.‚</span> <span class='ocrx_word' id='word_1_253' title='bbox 916 1367 1066 1403; x_wconf 57' lang='lat' dir='ltr'>(lucium</span> <span class='ocrx_word' id='word_1_254' title='bbox 1089 1365 1132 1400; x_wconf 83' lang='lat' dir='ltr'>ab</span> <span class='ocrx_word' id='word_1_255' title='bbox 1154 1362 1221 1399; x_wconf 89' lang='lat' dir='ltr'>illo</span> <span class='ocrx_word' id='word_1_256' title='bbox 1240 1361 1309 1399; x_wconf 83' lang='lat' dir='ltr'>adi.</span> <span class='ocrx_word' id='word_1_257' title='bbox 1324 1387 1333 1403; x_wconf 92' lang='lat'><em>‚</em></span> <span class='ocrx_word' id='word_1_258' title='bbox 1360 1370 1407 1398; x_wconf 82' lang='lat' dir='ltr'>ut</span> <span class='ocrx_word' id='word_1_259' title='bbox 1424 1360 1495 1395; x_wconf 78' lang='lat' dir='ltr'>hoc</span> <span class='ocrx_word' id='word_1_260' title='bbox 1507 1357 1570 1393; x_wconf 84' lang='lat' dir='ltr'>de-</span> 
     </span>
     <span class='ocr_line' id='line_1_23' title="bbox 50 1407 1573 1465; baseline 0 -11"><span class='ocrx_word' id='word_1_261' title='bbox 50 1418 166 1454; x_wconf 87' lang='lat' dir='ltr'>beant</span> <span class='ocrx_word' id='word_1_262' title='bbox 186 1429 254 1465; x_wconf 85' lang='lat' dir='ltr'>pro</span> <span class='ocrx_word' id='word_1_263' title='bbox 276 1415 339 1453; x_wconf 87' lang='lat' dir='ltr'>illo</span> <span class='ocrx_word' id='word_1_264' title='bbox 356 1415 423 1453; x_wconf 84' lang='lat' dir='ltr'>uti.</span> <span class='ocrx_word' id='word_1_265' title='bbox 475 1416 549 1452; x_wconf 87' lang='lat' dir='ltr'>Sed</span> <span class='ocrx_word' id='word_1_266' title='bbox 567 1417 607 1452; x_wconf 88' lang='lat' dir='ltr'>in</span> <span class='ocrx_word' id='word_1_267' title='bbox 628 1429 790 1454; x_wconf 84' lang='lat' dir='ltr'>extrema</span> <span class='ocrx_word' id='word_1_268' title='bbox 812 1420 880 1454; x_wconf 85' lang='lat' dir='ltr'>Ms.</span> <span class='ocrx_word' id='word_1_269' title='bbox 894 1418 954 1454; x_wconf 89' lang='lat' dir='ltr'>Vi.</span> <span class='ocrx_word' id='word_1_270' title='bbox 976 1414 1143 1452; x_wconf 77' lang='lat' dir='ltr'>novitate</span> <span class='ocrx_word' id='word_1_271' title='bbox 1164 1415 1299 1454; x_wconf 60' lang='grc' dir='ltr'>ἐλὲἤνκτ</span> <span class='ocrx_word' id='word_1_272' title='bbox 1320 1407 1573 1448; x_wconf 71' lang='lat' dir='ltr'>mendumest,</span> 
     </span>
     <span class='ocr_line' id='line_1_24' title="bbox 51 1458 1573 1513; baseline -0.005 -12"><span class='ocrx_word' id='word_1_273' title='bbox 51 1477 178 1503; x_wconf 86' lang='lat' dir='ltr'>ortum</span> <span class='ocrx_word' id='word_1_274' title='bbox 199 1465 320 1513; x_wconf 86' lang='lat' dir='ltr'>primo</span> <span class='ocrx_word' id='word_1_275' title='bbox 342 1477 364 1501; x_wconf 87' lang='lat' dir='ltr'>e</span> <span class='ocrx_word' id='word_1_276' title='bbox 384 1465 547 1502; x_wconf 78' lang='lat' dir='ltr'>confusis</span> <span class='ocrx_word' id='word_1_277' title='bbox 563 1470 674 1505; x_wconf 65' lang='grc' dir='ltr'><em>ἐλθεῖν</em></span> <span class='ocrx_word' id='word_1_278' title='bbox 692 1479 731 1504; x_wconf 89' lang='lat' dir='ltr'>et</span> <span class='ocrx_word' id='word_1_279' title='bbox 751 1471 852 1508; x_wconf 66' lang='grc' dir='ltr'><em>ἐλθῆν</em></span> <span class='ocrx_word' id='word_1_280' title='bbox 866 1494 875 1509; x_wconf 81' lang='lat'><em>,</em></span> <span class='ocrx_word' id='word_1_281' title='bbox 903 1464 999 1513; x_wconf 65' lang='lat' dir='ltr'>quasi</span> <span class='ocrx_word' id='word_1_282' title='bbox 1022 1464 1154 1501; x_wconf 84' lang='lat' dir='ltr'>Dorica</span> <span class='ocrx_word' id='word_1_283' title='bbox 1175 1461 1260 1498; x_wconf 78' lang='lat' dir='ltr'>effer</span> <span class='ocrx_word' id='word_1_284' title='bbox 1281 1461 1400 1496; x_wconf 79' lang='lat' dir='ltr'>forma</span> <span class='ocrx_word' id='word_1_285' title='bbox 1415 1485 1425 1501; x_wconf 95' lang='lat'>,</span> <span class='ocrx_word' id='word_1_286' title='bbox 1451 1469 1490 1494; x_wconf 87' lang='lat' dir='ltr'>et</span> <span class='ocrx_word' id='word_1_287' title='bbox 1509 1458 1573 1492; x_wconf 88' lang='lat' dir='ltr'>de-</span> 
     </span>
     <span class='ocr_line' id='line_1_25' title="bbox 50 1506 1569 1562; baseline 0.001 -9"><span class='ocrx_word' id='word_1_288' title='bbox 50 1515 141 1553; x_wconf 87' lang='lat' dir='ltr'>inde</span> <span class='ocrx_word' id='word_1_289' title='bbox 171 1516 293 1551; x_wconf 87' lang='lat' dir='ltr'>sumto</span> <span class='ocrx_word' id='word_1_290' title='bbox 325 1534 358 1553; x_wconf 70' lang='lat' dir='ltr'><em>us</em></span> <span class='ocrx_word' id='word_1_291' title='bbox 380 1515 466 1562; x_wconf 85' lang='lat' dir='ltr'>esq.</span> <span class='ocrx_word' id='word_1_292' title='bbox 492 1527 574 1552; x_wconf 92' lang='lat' dir='ltr'>voc.</span> <span class='ocrx_word' id='word_1_293' title='bbox 597 1526 635 1551; x_wconf 81' lang='lat' dir='ltr'>et</span> <span class='ocrx_word' id='word_1_294' title='bbox 663 1530 735 1553; x_wconf 84' lang='lat' dir='ltr'>una</span> <span class='ocrx_word' id='word_1_295' title='bbox 765 1517 857 1553; x_wconf 78' lang='lat' dir='ltr'>serie</span> <span class='ocrx_word' id='word_1_296' title='bbox 885 1515 1043 1555; x_wconf 68' lang='lat' dir='ltr'>vetussaz</span> <span class='ocrx_word' id='word_1_297' title='bbox 1081 1514 1145 1549; x_wconf 73' lang='lat' dir='ltr'>ubi</span> <span class='ocrx_word' id='word_1_298' title='bbox 1167 1512 1249 1547; x_wconf 71' lang='lat' dir='ltr'><strong>Sch·</strong></span> <span class='ocrx_word' id='word_1_299' title='bbox 1280 1509 1430 1558; x_wconf 66' lang='lat' dir='ltr'>propius</span> <span class='ocrx_word' id='word_1_300' title='bbox 1458 1506 1502 1543; x_wconf 64' lang='lat' dir='ltr'>ad</span> <span class='ocrx_word' id='word_1_301' title='bbox 1529 1507 1569 1542; x_wconf 76' lang='lat' dir='ltr'>P·</span> 
     </span>
     <span class='ocr_line' id='line_1_26' title="bbox 50 1557 1573 1613; baseline -0.011 -7"><span class='ocrx_word' id='word_1_302' title='bbox 50 1564 228 1613; x_wconf 73' lang='lat' dir='ltr'>”egreffiis</span> <span class='ocrx_word' id='word_1_303' title='bbox 246 1564 316 1600; x_wconf 72' lang='lat' dir='ltr'>ess‘e</span> <span class='ocrx_word' id='word_1_304' title='bbox 336 1565 515 1600; x_wconf 81' lang='lat' dir='ltr'>inermes“</span> <span class='ocrx_word' id='word_1_305' title='bbox 542 1565 692 1602; x_wconf 79' lang='lat' dir='ltr'>aliunde</span> <span class='ocrx_word' id='word_1_306' title='bbox 714 1566 862 1603; x_wconf 85' lang='lat' dir='ltr'>ferente</span> <span class='ocrx_word' id='word_1_307' title='bbox 882 1568 959 1612; x_wconf 83' lang='lat' dir='ltr'>Stp.</span> <span class='ocrx_word' id='word_1_308' title='bbox 984 1565 1057 1601; x_wconf 74' lang='lat' dir='ltr'>Th.</span> <span class='ocrx_word' id='word_1_309' title='bbox 1079 1564 1157 1599; x_wconf 82' lang='lat' dir='ltr'>Lar.</span> <span class='ocrx_word' id='word_1_310' title='bbox 1178 1564 1264 1609; x_wconf 85' lang='lat' dir='ltr'><strong>Bg.,</strong></span> <span class='ocrx_word' id='word_1_311' title='bbox 1293 1560 1352 1596; x_wconf 83' lang='lat' dir='ltr'>sed</span> <span class='ocrx_word' id='word_1_312' title='bbox 1375 1557 1510 1595; x_wconf 80' lang='lat' dir='ltr'>Nostro</span> <span class='ocrx_word' id='word_1_313' title='bbox 1532 1567 1573 1591; x_wconf 83' lang='lat' dir='ltr'>m</span> 
     </span>
     <span class='ocr_line' id='line_1_27' title="bbox 51 1606 1573 1661; baseline -0.001 -12"><span class='ocrx_word' id='word_1_314' title='bbox 51 1614 135 1649; x_wconf 76' lang='lat' dir='ltr'>adv.</span> <span class='ocrx_word' id='word_1_315' title='bbox 157 1618 209 1650; x_wconf 78' lang='grc' dir='ltr'>ἂν.</span> <span class='ocrx_word' id='word_1_316' title='bbox 231 1612 332 1648; x_wconf 89' lang='lat' dir='ltr'>forte</span> <span class='ocrx_word' id='word_1_317' title='bbox 347 1615 516 1649; x_wconf 83' lang='lat' dir='ltr'>variente</span> <span class='ocrx_word' id='word_1_318' title='bbox 534 1626 619 1650; x_wconf 89' lang='lat' dir='ltr'>cum</span> <span class='ocrx_word' id='word_1_319' title='bbox 641 1616 712 1652; x_wconf 85' lang='lat' dir='ltr'>adi.</span> <span class='ocrx_word' id='word_1_320' title='bbox 731 1632 832 1660; x_wconf 74' lang='grc' dir='ltr'>γυμν.</span> <span class='ocrx_word' id='word_1_321' title='bbox 854 1614 887 1661; x_wconf 82' lang='lat'>§.</span> <span class='ocrx_word' id='word_1_322' title='bbox 910 1616 954 1656; x_wconf 87' lang='lat' dir='ltr'>i.‚</span> <span class='ocrx_word' id='word_1_323' title='bbox 997 1615 1035 1649; x_wconf 69' lang='lat' dir='ltr'>ir.</span> <span class='ocrx_word' id='word_1_324' title='bbox 1060 1625 1145 1648; x_wconf 85' lang='lat' dir='ltr'>cum</span> <span class='ocrx_word' id='word_1_325' title='bbox 1165 1611 1198 1659; x_wconf 86' lang='lat'>§-</span> <span class='ocrx_word' id='word_1_326' title='bbox 1227 1623 1280 1646; x_wconf 80' lang='lat'>12.</span> <span class='ocrx_word' id='word_1_327' title='bbox 1303 1622 1365 1656; x_wconf 78' lang='lat' dir='ltr'>per</span> <span class='ocrx_word' id='word_1_328' title='bbox 1388 1606 1573 1643; x_wconf 54' lang='lat' dir='ltr'>aiii-,stium</span> 
     </span>
     <span class='ocr_line' id='line_1_28' title="bbox 50 1655 1570 1710; baseline 0.005 -15"><span class='ocrx_word' id='word_1_329' title='bbox 50 1660 130 1708; x_wconf 69' lang='lat' dir='ltr'>syn,</span> <span class='ocrx_word' id='word_1_330' title='bbox 153 1665 256 1702; x_wconf 83' lang='lat' dir='ltr'>adv..</span> <span class='ocrx_word' id='word_1_331' title='bbox 292 1662 353 1697; x_wconf 89' lang='lat' dir='ltr'>ubi</span> <span class='ocrx_word' id='word_1_332' title='bbox 376 1665 434 1709; x_wconf 77' lang='lat' dir='ltr'>ssg.</span> <span class='ocrx_word' id='word_1_333' title='bbox 458 1663 615 1708; x_wconf 76' lang='lat' dir='ltr'>proinde</span> <span class='ocrx_word' id='word_1_334' title='bbox 635 1665 713 1700; x_wconf 85' lang='lat' dir='ltr'>Lat.</span> <span class='ocrx_word' id='word_1_335' title='bbox 735 1666 869 1701; x_wconf 84' lang='lat' dir='ltr'>eodem</span> <span class='ocrx_word' id='word_1_336' title='bbox 890 1665 994 1703; x_wconf 82' lang='lat' dir='ltr'>usus,</span> <span class='ocrx_word' id='word_1_337' title='bbox 1023 1663 1083 1697; x_wconf 72' lang='lat' dir='ltr'>hic</span> <span class='ocrx_word' id='word_1_338' title='bbox 1100 1674 1182 1696; x_wconf 67' lang='lat' dir='ltr'>cum</span> <span class='ocrx_word' id='word_1_339' title='bbox 1208 1661 1268 1701; x_wconf 58' lang='grc' dir='ltr'>Ρη</span> <span class='ocrx_word' id='word_1_340' title='bbox 1291 1670 1332 1694; x_wconf 75' lang='lat' dir='ltr'>U!</span> <span class='ocrx_word' id='word_1_341' title='bbox 1352 1655 1570 1710; x_wconf 42' lang='lat' dir='ltr'>&amp;Sty-{hg</span> 
     </span>
     <span class='ocr_line' id='line_1_29' title="bbox 51 1703 1574 1760; baseline -0.007 -9"><span class='ocrx_word' id='word_1_342' title='bbox 51 1710 133 1758; x_wconf 83' lang='lat' dir='ltr'>post</span> <span class='ocrx_word' id='word_1_343' title='bbox 158 1720 286 1759; x_wconf 79' lang='lat' dir='ltr'>„turp.</span> <span class='ocrx_word' id='word_1_344' title='bbox 308 1712 580 1747; x_wconf 84' lang='lat' dir='ltr'>contumeliose</span> <span class='ocrx_word' id='word_1_345' title='bbox 600 1721 695 1759; x_wconf 67' lang='lat' dir='ltr'>quess</span> <span class='ocrx_word' id='word_1_346' title='bbox 719 1714 782 1760; x_wconf 88' lang='lat' dir='ltr'>qui</span> <span class='ocrx_word' id='word_1_347' title='bbox 799 1724 945 1749; x_wconf 76' lang='lat' dir='ltr'>rantum</span> <span class='ocrx_word' id='word_1_348' title='bbox 968 1713 1055 1747; x_wconf 87' lang='lat' dir='ltr'>hinc</span> <span class='ocrx_word' id='word_1_349' title='bbox 1073 1722 1192 1750; x_wconf 80' lang='lat' dir='ltr'>tenet,</span> <span class='ocrx_word' id='word_1_350' title='bbox 1218 1721 1295 1744; x_wconf 88' lang='lat' dir='ltr'>non</span> <span class='ocrx_word' id='word_1_351' title='bbox 1311 1705 1467 1753; x_wconf 74' lang='lat' dir='ltr'>amplius</span> <span class='ocrx_word' id='word_1_352' title='bbox 1481 1703 1574 1740; x_wconf 65' lang='lat' dir='ltr'>mih}</span> 
     </span>
     <span class='ocr_line' id='line_1_30' title="bbox 52 1757 1572 1808; baseline -0.004 -12"><span class='ocrx_word' id='word_1_353' title='bbox 52 1771 119 1808; x_wconf 84' lang='lat' dir='ltr'>per</span> <span class='ocrx_word' id='word_1_354' title='bbox 139 1759 244 1796; x_wconf 87' lang='lat' dir='ltr'>lndd.</span> <span class='ocrx_word' id='word_1_355' title='bbox 265 1759 463 1795; x_wconf 86' lang='lat' dir='ltr'>inventum</span> <span class='ocrx_word' id='word_1_356' title='bbox 478 1784 488 1800; x_wconf 91' lang='lat'>,</span> <span class='ocrx_word' id='word_1_357' title='bbox 525 1758 572 1794; x_wconf 85' lang='lat' dir='ltr'>cf.</span> <span class='ocrx_word' id='word_1_358' title='bbox 598 1774 632 1803; x_wconf 78' lang='lat'>2,</span> <span class='ocrx_word' id='word_1_359' title='bbox 653 1776 688 1807; x_wconf 85' lang='lat'>4,</span> <span class='ocrx_word' id='word_1_360' title='bbox 712 1772 742 1808; x_wconf 82' lang='lat'>3.</span> <span class='ocrx_word' id='word_1_361' title='bbox 756 1787 765 1802; x_wconf 88' lang='lat'><strong><em>‚</em></strong></span> <span class='ocrx_word' id='word_1_362' title='bbox 800 1763 860 1798; x_wconf 74' lang='lat' dir='ltr'>sed</span> <span class='ocrx_word' id='word_1_363' title='bbox 887 1773 1007 1797; x_wconf 76' lang='lat' dir='ltr'>tamen</span> <span class='ocrx_word' id='word_1_364' title='bbox 1029 1771 1068 1796; x_wconf 80' lang='lat' dir='ltr'>et</span> <span class='ocrx_word' id='word_1_365' title='bbox 1087 1760 1123 1794; x_wconf 90' lang='lat' dir='ltr'>in</span> <span class='ocrx_word' id='word_1_366' title='bbox 1144 1760 1184 1794; x_wconf 88' lang='lat' dir='ltr'>L.</span> <span class='ocrx_word' id='word_1_367' title='bbox 1200 1760 1283 1794; x_wconf 78' lang='lat' dir='ltr'>Ern.</span> <span class='ocrx_word' id='word_1_368' title='bbox 1298 1770 1380 1792; x_wconf 78' lang='lat' dir='ltr'>cum</span> <span class='ocrx_word' id='word_1_369' title='bbox 1404 1757 1481 1791; x_wconf 83' lang='lat' dir='ltr'>solo</span> <span class='ocrx_word' id='word_1_370' title='bbox 1493 1765 1572 1790; x_wconf 76' lang='lat' dir='ltr'>con-</span> 
     </span>
     <span class='ocr_line' id='line_1_31' title="bbox 52 1805 1574 1858; baseline -0.002 -13"><span class='ocrx_word' id='word_1_371' title='bbox 52 1807 247 1858; x_wconf 79' lang='lat' dir='ltr'>tumeliose,</span> <span class='ocrx_word' id='word_1_372' title='bbox 284 1808 388 1855; x_wconf 89' lang='lat' dir='ltr'>quod</span> <span class='ocrx_word' id='word_1_373' title='bbox 406 1821 465 1854; x_wconf 82' lang='lat' dir='ltr'>ap.</span> <span class='ocrx_word' id='word_1_374' title='bbox 488 1808 538 1844; x_wconf 86' lang='lat' dir='ltr'>G.</span> <span class='ocrx_word' id='word_1_375' title='bbox 554 1809 624 1844; x_wconf 85' lang='lat' dir='ltr'>Th.</span> <span class='ocrx_word' id='word_1_376' title='bbox 651 1823 735 1846; x_wconf 87' lang='lat' dir='ltr'>cum</span> <span class='ocrx_word' id='word_1_377' title='bbox 757 1812 821 1846; x_wconf 90' lang='lat' dir='ltr'>Gr.</span> <span class='ocrx_word' id='word_1_378' title='bbox 848 1810 1046 1855; x_wconf 70' lang='grc' dir='ltr'>ἱβριςικῶς,</span> <span class='ocrx_word' id='word_1_379' title='bbox 1083 1809 1141 1844; x_wconf 88' lang='lat' dir='ltr'>vel</span> <span class='ocrx_word' id='word_1_380' title='bbox 1169 1805 1405 1843; x_wconf 77' lang='lat' dir='ltr'>redundante</span> <span class='ocrx_word' id='word_1_381' title='bbox 1434 1815 1574 1851; x_wconf 67' lang='lat' dir='ltr'>praep--</span> 
     </span>
     <span class='ocr_line' id='line_1_32' title="bbox 51 1851 1573 1905; baseline -0.003 -13"><span class='ocrx_word' id='word_1_382' title='bbox 51 1858 156 1905; x_wconf 85' lang='lat' dir='ltr'>(quia</span> <span class='ocrx_word' id='word_1_383' title='bbox 174 1857 379 1904; x_wconf 82' lang='lat' dir='ltr'>respondet</span> <span class='ocrx_word' id='word_1_384' title='bbox 399 1855 455 1892; x_wconf 83' lang='lat' dir='ltr'>illi</span> <span class='ocrx_word' id='word_1_385' title='bbox 474 1856 507 1903; x_wconf 84' lang='lat'>§.</span> <span class='ocrx_word' id='word_1_386' title='bbox 526 1869 625 1894; x_wconf 79' lang='lat' dir='ltr'>¹2.e.</span> <span class='ocrx_word' id='word_1_387' title='bbox 641 1864 789 1903; x_wconf 68' lang='grc' dir='ltr'>ἂτίμως,</span> <span class='ocrx_word' id='word_1_388' title='bbox 817 1870 859 1895; x_wconf 87' lang='lat' dir='ltr'>ut</span> <span class='ocrx_word' id='word_1_389' title='bbox 880 1859 993 1894; x_wconf 82' lang='lat' dir='ltr'>modo</span> <span class='ocrx_word' id='word_1_390' title='bbox 1018 1871 1082 1903; x_wconf 77' lang='lat' dir='ltr'>per</span> <span class='ocrx_word' id='word_1_391' title='bbox 1103 1857 1247 1903; x_wconf 86' lang='lat' dir='ltr'>copiam</span> <span class='ocrx_word' id='word_1_392' title='bbox 1268 1855 1434 1891; x_wconf 74' lang='lat' dir='ltr'>additum</span> <span class='ocrx_word' id='word_1_393' title='bbox 1456 1851 1520 1893; x_wconf 83' lang='lat' dir='ltr'>fit,</span> <span class='ocrx_word' id='word_1_394' title='bbox 1551 1863 1573 1887; x_wconf 86' lang='lat' dir='ltr'>e</span> 
     </span>
     <span class='ocr_line' id='line_1_33' title="bbox 50 1902 1572 1955; baseline -0.01 -5"><span class='ocrx_word' id='word_1_395' title='bbox 50 1917 166 1955; x_wconf 83' lang='lat' dir='ltr'>tropo</span> <span class='ocrx_word' id='word_1_396' title='bbox 188 1905 365 1948; x_wconf 70' lang='lat' dir='ltr'>diversm)</span> <span class='ocrx_word' id='word_1_397' title='bbox 382 1906 440 1941; x_wconf 74' lang='lat' dir='ltr'>vel</span> <span class='ocrx_word' id='word_1_398' title='bbox 463 1918 646 1955; x_wconf 71' lang='lat' dir='ltr'>augente,</span> <span class='ocrx_word' id='word_1_399' title='bbox 671 1920 715 1944; x_wconf 84' lang='lat' dir='ltr'>ut</span> <span class='ocrx_word' id='word_1_400' title='bbox 728 1913 780 1947; x_wconf 70' lang='grc' dir='ltr'>ἐπὶ</span> <span class='ocrx_word' id='word_1_401' title='bbox 800 1907 843 1946; x_wconf 81' lang='lat' dir='ltr'>fit</span> <span class='ocrx_word' id='word_1_402' title='bbox 860 1911 935 1945; x_wconf 82' lang='lat' dir='ltr'>Lat.</span> <span class='ocrx_word' id='word_1_403' title='bbox 956 1909 1082 1949; x_wconf 75' lang='lat' dir='ltr'>valde,</span> <span class='ocrx_word' id='word_1_404' title='bbox 1112 1906 1161 1942; x_wconf 88' lang='lat' dir='ltr'>cf.</span> <span class='ocrx_word' id='word_1_405' title='bbox 1176 1905 1219 1940; x_wconf 73' lang='lat' dir='ltr'>nd</span> <span class='ocrx_word' id='word_1_406' title='bbox 1235 1905 1318 1952; x_wconf 68' lang='lat' dir='ltr'>vig.</span> <span class='ocrx_word' id='word_1_407' title='bbox 1338 1917 1373 1951; x_wconf 82' lang='lat' dir='ltr'>p.</span> <span class='ocrx_word' id='word_1_408' title='bbox 1390 1909 1474 1939; x_wconf 86' lang='lat'>610.</span> <span class='ocrx_word' id='word_1_409' title='bbox 1491 1902 1525 1937; x_wconf 89' lang='lat' dir='ltr'>b.</span> <span class='ocrx_word' id='word_1_410' title='bbox 1538 1913 1572 1936; x_wconf 88' lang='lat' dir='ltr'>e.</span> 
     </span>
     <span class='ocr_line' id='line_1_34' title="bbox 55 1950 1574 2004; baseline -0.001 -12"><span class='ocrx_word' id='word_1_411' title='bbox 55 1959 142 2002; x_wconf 86' lang='lat'>16),</span> <span class='ocrx_word' id='word_1_412' title='bbox 174 1956 250 1991; x_wconf 87' lang='lat' dir='ltr'>huc</span> <span class='ocrx_word' id='word_1_413' title='bbox 274 1955 462 2003; x_wconf 58' lang='lat' dir='ltr'>spefiante</span> <span class='ocrx_word' id='word_1_414' title='bbox 491 1956 586 1993; x_wconf 74' lang='lat' dir='ltr'>haud</span> <span class='ocrx_word' id='word_1_415' title='bbox 608 1956 721 1994; x_wconf 87' lang='lat' dir='ltr'>dubie</span> <span class='ocrx_word' id='word_1_416' title='bbox 744 1957 832 1994; x_wconf 87' lang='lat' dir='ltr'>Bud.</span> <span class='ocrx_word' id='word_1_417' title='bbox 855 1959 898 1994; x_wconf 87' lang='lat' dir='ltr'>C.</span> <span class='ocrx_word' id='word_1_418' title='bbox 920 1966 1004 2004; x_wconf 82' lang='lat'>398,</span> <span class='ocrx_word' id='word_1_419' title='bbox 1027 1961 1083 2002; x_wconf 78' lang='lat'>46.</span> <span class='ocrx_word' id='word_1_420' title='bbox 1111 1956 1174 2003; x_wconf 88' lang='lat' dir='ltr'>qui</span> <span class='ocrx_word' id='word_1_421' title='bbox 1204 1953 1283 2002; x_wconf 80' lang='lat' dir='ltr'>post</span> <span class='ocrx_word' id='word_1_422' title='bbox 1303 1950 1483 1999; x_wconf 67' lang='grc' dir='ltr'>ἐφόβςιιςος</span> <span class='ocrx_word' id='word_1_423' title='bbox 1510 1951 1574 1987; x_wconf 61' lang='lat' dir='ltr'>aft-</span> 
     </span>
     <span class='ocr_line' id='line_1_35' title="bbox 52 2000 1574 2054; baseline -0.003 -12"><span class='ocrx_word' id='word_1_424' title='bbox 52 2005 159 2045; x_wconf 81' lang='lat' dir='ltr'>sensu</span> <span class='ocrx_word' id='word_1_425' title='bbox 188 2005 422 2051; x_wconf 78' lang='lat' dir='ltr'>„aliquando</span> <span class='ocrx_word' id='word_1_426' title='bbox 440 2005 551 2041; x_wconf 85' lang='lat' dir='ltr'>etiam</span> <span class='ocrx_word' id='word_1_427' title='bbox 567 2006 700 2054; x_wconf 80' lang='lat' dir='ltr'>paffive</span> <span class='ocrx_word' id='word_1_428' title='bbox 712 2007 903 2052; x_wconf 79' lang='lat' dir='ltr'>accipitur.</span> <span class='ocrx_word' id='word_1_429' title='bbox 932 2019 972 2043; x_wconf 88' lang='lat' dir='ltr'>ut</span> <span class='ocrx_word' id='word_1_430' title='bbox 988 2020 1043 2052; x_wconf 79' lang='lat' dir='ltr'>ap.</span> <span class='ocrx_word' id='word_1_431' title='bbox 1056 2004 1212 2042; x_wconf 81' lang='lat' dir='ltr'>Herodi.</span> <span class='ocrx_word' id='word_1_432' title='bbox 1232 2009 1329 2049; x_wconf 72' lang='grc' dir='ltr'><em>αἰσχ.</em></span> <span class='ocrx_word' id='word_1_433' title='bbox 1349 2019 1377 2038; x_wconf 75' lang='grc' dir='ltr'>κ.</span> <span class='ocrx_word' id='word_1_434' title='bbox 1395 2007 1450 2049; x_wconf 71' lang='grc' dir='ltr'>ἐφ.</span> <span class='ocrx_word' id='word_1_435' title='bbox 1463 2000 1574 2038; x_wconf 71' lang='grc' dir='ltr'><em>ἑαλω-</em></span> 
     </span>
     <span class='ocr_line' id='line_1_36' title="bbox 53 2054 1514 2102; baseline -0.002 -10"><span class='ocrx_word' id='word_1_436' title='bbox 53 2054 160 2093; x_wconf 66' lang='grc' dir='ltr'>»ιοίι-ι(ς</span> <span class='ocrx_word' id='word_1_437' title='bbox 189 2054 408 2090; x_wconf 82' lang='lat' dir='ltr'>memoriter</span> <span class='ocrx_word' id='word_1_438' title='bbox 433 2065 473 2090; x_wconf 73' lang='lat' dir='ltr'>et</span> <span class='ocrx_word' id='word_1_439' title='bbox 492 2054 565 2091; x_wconf 81' lang='lat' dir='ltr'>fine</span> <span class='ocrx_word' id='word_1_440' title='bbox 589 2058 674 2098; x_wconf 88' lang='lat' dir='ltr'>Vs.,</span> <span class='ocrx_word' id='word_1_441' title='bbox 709 2057 764 2094; x_wconf 85' lang='lat' dir='ltr'>ad.</span> <span class='ocrx_word' id='word_1_442' title='bbox 786 2057 858 2094; x_wconf 71' lang='grc' dir='ltr'>εἀλ.</span> <span class='ocrx_word' id='word_1_443' title='bbox 878 2056 994 2092; x_wconf 84' lang='lat' dir='ltr'>libere</span> <span class='ocrx_word' id='word_1_444' title='bbox 1017 2058 1054 2091; x_wconf 80' lang='lat' dir='ltr'>P.</span> <span class='ocrx_word' id='word_1_445' title='bbox 1070 2066 1217 2102; x_wconf 77' lang='lat' dir='ltr'>agente.</span> <span class='ocrx_word' id='word_1_446' title='bbox 1512 2096 1514 2098; x_wconf 25' lang='grc' dir='ltr'>Ι</span> 
     </span>
    </p>

    <p class='ocr_par' dir='ltr' id='par_1_7' title="bbox 46 2099 1577 2744">
     <span class='ocr_line' id='line_1_37' title="bbox 100 2099 1575 2152; baseline -0.002 -11"><span class='ocrx_word' id='word_1_447' title='bbox 100 2105 282 2152; x_wconf 64' lang='grc' dir='ltr'>ἐκέχρητο)</span> <span class='ocrx_word' id='word_1_448' title='bbox 307 2103 537 2140; x_wconf 84' lang='lat' dir='ltr'>Liberiorem</span> <span class='ocrx_word' id='word_1_449' title='bbox 561 2106 596 2141; x_wconf 86' lang='lat' dir='ltr'>P.</span> <span class='ocrx_word' id='word_1_450' title='bbox 619 2105 658 2141; x_wconf 87' lang='lat' dir='ltr'>in</span> <span class='ocrx_word' id='word_1_451' title='bbox 683 2105 812 2142; x_wconf 81' lang='lat' dir='ltr'>omiffo</span> <span class='ocrx_word' id='word_1_452' title='bbox 833 2111 868 2144; x_wconf 74' lang='grc' dir='ltr'>δὲ</span> <span class='ocrx_word' id='word_1_453' title='bbox 885 2118 925 2142; x_wconf 88' lang='lat' dir='ltr'>et</span> <span class='ocrx_word' id='word_1_454' title='bbox 945 2105 1018 2141; x_wconf 82' lang='lat' dir='ltr'>alio</span> <span class='ocrx_word' id='word_1_455' title='bbox 1037 2118 1071 2140; x_wconf 90' lang='grc' dir='ltr'>ν.</span> <span class='ocrx_word' id='word_1_456' title='bbox 1092 2116 1260 2150; x_wconf 86' lang='lat' dir='ltr'>tempore</span> <span class='ocrx_word' id='word_1_457' title='bbox 1280 2099 1442 2139; x_wconf 85' lang='lat' dir='ltr'>deseruit</span> <span class='ocrx_word' id='word_1_458' title='bbox 1460 2099 1575 2138; x_wconf 83' lang='lat' dir='ltr'>etiam</span> 
     </span>
     <span class='ocr_line' id='line_1_38' title="bbox 52 2151 1574 2203; baseline -0.005 -9"><span class='ocrx_word' id='word_1_459' title='bbox 52 2155 140 2191; x_wconf 87' lang='lat' dir='ltr'><strong>Sch-</strong></span> <span class='ocrx_word' id='word_1_460' title='bbox 159 2156 200 2190; x_wconf 86' lang='lat' dir='ltr'>in</span> <span class='ocrx_word' id='word_1_461' title='bbox 220 2166 256 2190; x_wconf 63' lang='lat' dir='ltr'>v⁴</span> <span class='ocrx_word' id='word_1_462' title='bbox 282 2151 358 2201; x_wconf 79' lang='lat' dir='ltr'>nus.</span> <span class='ocrx_word' id='word_1_463' title='bbox 377 2161 459 2188; x_wconf 73' lang='lat' dir='ltr'>erat</span> <span class='ocrx_word' id='word_1_464' title='bbox 471 2154 573 2190; x_wconf 79' lang='lat' dir='ltr'>vafro</span> <span class='ocrx_word' id='word_1_465' title='bbox 594 2155 760 2202; x_wconf 70' lang='lat' dir='ltr'>coffilio“</span> <span class='ocrx_word' id='word_1_466' title='bbox 788 2155 849 2192; x_wconf 89' lang='lat' dir='ltr'>ubi</span> <span class='ocrx_word' id='word_1_467' title='bbox 863 2159 922 2203; x_wconf 74' lang='lat' dir='ltr'>Bg.</span> <span class='ocrx_word' id='word_1_468' title='bbox 937 2181 946 2194; x_wconf 79' lang='lat'><strong>.</strong></span> <span class='ocrx_word' id='word_1_469' title='bbox 975 2165 1121 2200; x_wconf 81' lang='lat' dir='ltr'>praeter</span> <span class='ocrx_word' id='word_1_470' title='bbox 1141 2153 1312 2189; x_wconf 83' lang='lat' dir='ltr'>ordinem</span> <span class='ocrx_word' id='word_1_471' title='bbox 1326 2151 1438 2186; x_wconf 82' lang='lat' dir='ltr'>alium</span> <span class='ocrx_word' id='word_1_472' title='bbox 1454 2161 1574 2197; x_wconf 83' lang='lat' dir='ltr'>quen·</span> 
     </span>
     <span class='ocr_line' id='line_1_39' title="bbox 46 2199 1574 2251; baseline -0.004 -11"><span class='ocrx_word' id='word_1_473' title='bbox 46 2203 135 2240; x_wconf 22' lang='lat' dir='ltr'>rdam</span> <span class='ocrx_word' id='word_1_474' title='bbox 148 2228 159 2244; x_wconf 87' lang='lat'><strong>‚</strong></span> <span class='ocrx_word' id='word_1_475' title='bbox 191 2202 336 2240; x_wconf 80' lang='lat' dir='ltr'>assumit</span> <span class='ocrx_word' id='word_1_476' title='bbox 354 2203 434 2238; x_wconf 83' lang='lat' dir='ltr'>adv.</span> <span class='ocrx_word' id='word_1_477' title='bbox 454 2204 634 2251; x_wconf 79' lang='lat' dir='ltr'>temporis</span> <span class='ocrx_word' id='word_1_478' title='bbox 648 2229 658 2245; x_wconf 88' lang='lat'><strong>,</strong></span> <span class='ocrx_word' id='word_1_479' title='bbox 685 2205 853 2241; x_wconf 83' lang='lat' dir='ltr'>variante</span> <span class='ocrx_word' id='word_1_480' title='bbox 874 2203 1008 2241; x_wconf 75' lang='lat' dir='ltr'>Nostro</span> <span class='ocrx_word' id='word_1_481' title='bbox 1028 2216 1112 2238; x_wconf 86' lang='lat' dir='ltr'>cum</span> <span class='ocrx_word' id='word_1_482' title='bbox 1130 2202 1162 2249; x_wconf 83' lang='lat'>§.</span> <span class='ocrx_word' id='word_1_483' title='bbox 1176 2216 1209 2240; x_wconf 85' lang='lat'>2.</span> <span class='ocrx_word' id='word_1_484' title='bbox 1229 2213 1374 2238; x_wconf 73' lang='lat' dir='ltr'>tantum</span> <span class='ocrx_word' id='word_1_485' title='bbox 1389 2201 1426 2236; x_wconf 89' lang='lat' dir='ltr'>in</span> <span class='ocrx_word' id='word_1_486' title='bbox 1439 2199 1574 2237; x_wconf 82' lang='lat' dir='ltr'>ordine</span> 
     </span>
     <span class='ocr_line' id='line_1_40' title="bbox 52 2249 1576 2302; baseline -0.003 -13"><span class='ocrx_word' id='word_1_487' title='bbox 52 2252 240 2289; x_wconf 80' lang='lat' dir='ltr'>formulae</span> <span class='ocrx_word' id='word_1_488' title='bbox 257 2268 318 2298; x_wconf 68' lang='grc' dir='ltr'>χρ.</span> <span class='ocrx_word' id='word_1_489' title='bbox 337 2267 368 2288; x_wconf 77' lang='lat' dir='ltr'>c.</span> <span class='ocrx_word' id='word_1_490' title='bbox 389 2261 428 2287; x_wconf 84' lang='lat' dir='ltr'>et</span> <span class='ocrx_word' id='word_1_491' title='bbox 450 2263 622 2299; x_wconf 79' lang='lat' dir='ltr'>tempore</span> <span class='ocrx_word' id='word_1_492' title='bbox 643 2267 677 2292; x_wconf 89' lang='lat' dir='ltr'>v.</span> <span class='ocrx_word' id='word_1_493' title='bbox 691 2280 701 2295; x_wconf 89' lang='lat'><strong><em>‚</em></strong></span> <span class='ocrx_word' id='word_1_494' title='bbox 735 2255 839 2291; x_wconf 84' lang='lat' dir='ltr'>cuius</span> <span class='ocrx_word' id='word_1_495' title='bbox 863 2256 985 2302; x_wconf 81' lang='lat' dir='ltr'>plusq.</span> <span class='ocrx_word' id='word_1_496' title='bbox 1016 2253 1158 2289; x_wconf 84' lang='lat' dir='ltr'>formae</span> <span class='ocrx_word' id='word_1_497' title='bbox 1184 2250 1264 2298; x_wconf 74' lang='lat' dir='ltr'>pais.</span> <span class='ocrx_word' id='word_1_498' title='bbox 1285 2264 1351 2297; x_wconf 79' lang='lat' dir='ltr'>pro</span> <span class='ocrx_word' id='word_1_499' title='bbox 1372 2249 1468 2285; x_wconf 83' lang='lat' dir='ltr'>med.</span> <span class='ocrx_word' id='word_1_500' title='bbox 1496 2260 1576 2285; x_wconf 84' lang='lat' dir='ltr'>non</span> 
     </span>
     <span class='ocr_line' id='line_1_41' title="bbox 53 2298 1576 2351; baseline -0.003 -12"><span class='ocrx_word' id='word_1_501' title='bbox 53 2313 163 2339; x_wconf 78' lang='lat' dir='ltr'>tenet</span> <span class='ocrx_word' id='word_1_502' title='bbox 179 2303 259 2350; x_wconf 88' lang='lat' dir='ltr'><strong>Stp.</strong></span> <span class='ocrx_word' id='word_1_503' title='bbox 283 2301 356 2338; x_wconf 81' lang='lat' dir='ltr'>Th.</span> <span class='ocrx_word' id='word_1_504' title='bbox 387 2301 428 2337; x_wconf 88' lang='lat' dir='ltr'>it.</span> <span class='ocrx_word' id='word_1_505' title='bbox 448 2300 497 2345; x_wconf 81' lang='lat' dir='ltr'>sq.</span> <span class='ocrx_word' id='word_1_506' title='bbox 519 2301 589 2339; x_wconf 85' lang='lat' dir='ltr'>inf.</span> <span class='ocrx_word' id='word_1_507' title='bbox 616 2306 719 2351; x_wconf 68' lang='grc' dir='ltr'><strong>ἐποζ.</strong></span> <span class='ocrx_word' id='word_1_508' title='bbox 741 2303 802 2339; x_wconf 85' lang='lat' dir='ltr'>sed</span> <span class='ocrx_word' id='word_1_509' title='bbox 828 2303 957 2339; x_wconf 85' lang='lat' dir='ltr'>eadem</span> <span class='ocrx_word' id='word_1_510' title='bbox 988 2302 1063 2338; x_wconf 82' lang='lat' dir='ltr'>sine</span> <span class='ocrx_word' id='word_1_511' title='bbox 1086 2301 1235 2338; x_wconf 59' lang='lat' dir='ltr'>aue&#39;core</span> <span class='ocrx_word' id='word_1_512' title='bbox 1259 2301 1298 2336; x_wconf 85' lang='lat' dir='ltr'>in</span> <span class='ocrx_word' id='word_1_513' title='bbox 1326 2304 1421 2338; x_wconf 65' lang='lat' dir='ltr'>„bam</span> <span class='ocrx_word' id='word_1_514' title='bbox 1442 2298 1484 2334; x_wconf 85' lang='lat' dir='ltr'>in</span> <span class='ocrx_word' id='word_1_515' title='bbox 1510 2299 1576 2336; x_wconf 79' lang='lat' dir='ltr'>de-</span> 
     </span>
     <span class='ocr_line' id='line_1_42' title="bbox 53 2348 1574 2401; baseline -0.005 -12"><span class='ocrx_word' id='word_1_516' title='bbox 53 2351 302 2398; x_wconf 82' lang='lat' dir='ltr'>sperationem</span> <span class='ocrx_word' id='word_1_517' title='bbox 325 2349 469 2386; x_wconf 72' lang='lat' dir='ltr'>addusti</span> <span class='ocrx_word' id='word_1_518' title='bbox 489 2351 512 2388; x_wconf 89' lang='lat' dir='ltr'>s.</span> <span class='ocrx_word' id='word_1_519' title='bbox 536 2353 579 2389; x_wconf 83' lang='lat' dir='ltr'>ad</span> <span class='ocrx_word' id='word_1_520' title='bbox 601 2352 698 2400; x_wconf 86' lang='lat' dir='ltr'>desp.</span> <span class='ocrx_word' id='word_1_521' title='bbox 726 2353 889 2389; x_wconf 53' lang='lat' dir='ltr'>redastffl</span> <span class='ocrx_word' id='word_1_522' title='bbox 922 2364 997 2401; x_wconf 82' lang='lat' dir='ltr'>quo</span> <span class='ocrx_word' id='word_1_523' title='bbox 1023 2364 1070 2387; x_wconf 84' lang='lat' dir='ltr'>ex</span> <span class='ocrx_word' id='word_1_524' title='bbox 1093 2352 1239 2398; x_wconf 85' lang='lat' dir='ltr'>analog.</span> <span class='ocrx_word' id='word_1_525' title='bbox 1261 2348 1422 2385; x_wconf 82' lang='lat' dir='ltr'>variatur</span> <span class='ocrx_word' id='word_1_526' title='bbox 1443 2359 1512 2396; x_wconf 85' lang='lat' dir='ltr'>per</span> <span class='ocrx_word' id='word_1_527' title='bbox 1538 2359 1574 2383; x_wconf 77' lang='lat' dir='ltr'>v.</span> 
     </span>
     <span class='ocr_line' id='line_1_43' title="bbox 52 2396 1577 2450; baseline -0.002 -13"><span class='ocrx_word' id='word_1_528' title='bbox 52 2400 132 2450; x_wconf 79' lang='lat' dir='ltr'>syn.</span> <span class='ocrx_word' id='word_1_529' title='bbox 151 2415 221 2445; x_wconf 75' lang='grc' dir='ltr'><strong><em>γεν.</em></strong></span> <span class='ocrx_word' id='word_1_530' title='bbox 243 2412 328 2436; x_wconf 89' lang='lat' dir='ltr'>cum</span> <span class='ocrx_word' id='word_1_531' title='bbox 357 2414 388 2440; x_wconf 83' lang='lat'>2,</span> <span class='ocrx_word' id='word_1_532' title='bbox 414 2411 467 2442; x_wconf 83' lang='grc' dir='ltr'>ιῐ,</span> <span class='ocrx_word' id='word_1_533' title='bbox 493 2414 546 2437; x_wconf 85' lang='lat'>12.</span> <span class='ocrx_word' id='word_1_534' title='bbox 567 2402 630 2438; x_wconf 89' lang='lat' dir='ltr'>ubi</span> <span class='ocrx_word' id='word_1_535' title='bbox 653 2415 721 2449; x_wconf 88' lang='lat' dir='ltr'>pro</span> <span class='ocrx_word' id='word_1_536' title='bbox 742 2401 866 2438; x_wconf 82' lang='lat' dir='ltr'>liberis</span> <span class='ocrx_word' id='word_1_537' title='bbox 886 2403 925 2438; x_wconf 92' lang='lat' dir='ltr'>P.</span> <span class='ocrx_word' id='word_1_538' title='bbox 948 2399 1106 2437; x_wconf 86' lang='lat' dir='ltr'>vicinius</span> <span class='ocrx_word' id='word_1_539' title='bbox 1126 2403 1188 2448; x_wconf 78' lang='lat' dir='ltr'>Bg.</span> <span class='ocrx_word' id='word_1_540' title='bbox 1210 2396 1258 2437; x_wconf 87' lang='lat' dir='ltr'>cf.</span> <span class='ocrx_word' id='word_1_541' title='bbox 1275 2411 1354 2440; x_wconf 83' lang='lat'>1,2‚</span> <span class='ocrx_word' id='word_1_542' title='bbox 1369 2406 1423 2444; x_wconf 87' lang='lat'>3.‚</span> <span class='ocrx_word' id='word_1_543' title='bbox 1449 2407 1577 2434; x_wconf 83' lang='lat' dir='ltr'>tacen-</span> 
     </span>
     <span class='ocr_line' id='line_1_44' title="bbox 53 2445 1576 2501; baseline -0.003 -14"><span class='ocrx_word' id='word_1_544' title='bbox 53 2461 91 2487; x_wconf 81' lang='lat' dir='ltr'>te</span> <span class='ocrx_word' id='word_1_545' title='bbox 114 2450 161 2485; x_wconf 88' lang='lat' dir='ltr'>G.</span> <span class='ocrx_word' id='word_1_546' title='bbox 185 2451 283 2490; x_wconf 83' lang='lat' dir='ltr'><strong>Th..</strong></span> <span class='ocrx_word' id='word_1_547' title='bbox 310 2448 374 2485; x_wconf 85' lang='lat' dir='ltr'>ubi</span> <span class='ocrx_word' id='word_1_548' title='bbox 396 2448 447 2496; x_wconf 87' lang='lat' dir='ltr'>sq.</span> <span class='ocrx_word' id='word_1_549' title='bbox 473 2451 540 2487; x_wconf 88' lang='lat' dir='ltr'>Gr.</span> <span class='ocrx_word' id='word_1_550' title='bbox 564 2456 616 2488; x_wconf 74' lang='grc' dir='ltr'>ἂν.</span> <span class='ocrx_word' id='word_1_551' title='bbox 636 2451 674 2487; x_wconf 91' lang='lat' dir='ltr'>in</span> <span class='ocrx_word' id='word_1_552' title='bbox 694 2454 777 2501; x_wconf 81' lang='lat' dir='ltr'>Bg.‚</span> <span class='ocrx_word' id='word_1_553' title='bbox 807 2464 863 2496; x_wconf 81' lang='lat' dir='ltr'>ap.</span> <span class='ocrx_word' id='word_1_554' title='bbox 883 2453 961 2498; x_wconf 84' lang='lat' dir='ltr'><strong>Stp.</strong></span> <span class='ocrx_word' id='word_1_555' title='bbox 985 2451 1058 2485; x_wconf 82' lang='lat' dir='ltr'>Th.</span> <span class='ocrx_word' id='word_1_556' title='bbox 1079 2448 1231 2485; x_wconf 87' lang='lat' dir='ltr'>aliunde</span> <span class='ocrx_word' id='word_1_557' title='bbox 1252 2447 1386 2489; x_wconf 80' lang='lat' dir='ltr'>etiam,</span> <span class='ocrx_word' id='word_1_558' title='bbox 1422 2445 1484 2483; x_wconf 82' lang='lat' dir='ltr'>cui</span> <span class='ocrx_word' id='word_1_559' title='bbox 1500 2447 1576 2484; x_wconf 82' lang='grc' dir='ltr'>Μς.</span> 
     </span>
     <span class='ocr_line' id='line_1_45' title="bbox 55 2496 1576 2546; baseline -0.001 -12"><span class='ocrx_word' id='word_1_560' title='bbox 55 2499 120 2535; x_wconf 82' lang='lat' dir='ltr'>dat</span> <span class='ocrx_word' id='word_1_561' title='bbox 140 2512 262 2546; x_wconf 84' lang='lat' dir='ltr'>praep.</span> <span class='ocrx_word' id='word_1_562' title='bbox 285 2498 414 2538; x_wconf 82' lang='lat' dir='ltr'>aliam,</span> <span class='ocrx_word' id='word_1_563' title='bbox 444 2499 493 2534; x_wconf 84' lang='lat' dir='ltr'>cf.</span> <span class='ocrx_word' id='word_1_564' title='bbox 511 2513 543 2541; x_wconf 81' lang='lat'>2,</span> <span class='ocrx_word' id='word_1_565' title='bbox 561 2515 595 2543; x_wconf 71' lang='lat'>9,</span> <span class='ocrx_word' id='word_1_566' title='bbox 621 2512 674 2546; x_wconf 79' lang='lat'>¹4.</span> <span class='ocrx_word' id='word_1_567' title='bbox 691 2525 700 2541; x_wconf 88' lang='lat'><em>,</em></span> <span class='ocrx_word' id='word_1_568' title='bbox 730 2501 789 2537; x_wconf 84' lang='lat' dir='ltr'>hic</span> <span class='ocrx_word' id='word_1_569' title='bbox 807 2500 928 2542; x_wconf 85' lang='lat' dir='ltr'>forte,</span> <span class='ocrx_word' id='word_1_570' title='bbox 951 2512 999 2535; x_wconf 87' lang='lat' dir='ltr'>ne</span> <span class='ocrx_word' id='word_1_571' title='bbox 1021 2499 1100 2545; x_wconf 80' lang='lat' dir='ltr'>post</span> <span class='ocrx_word' id='word_1_572' title='bbox 1119 2497 1150 2544; x_wconf 82' lang='lat'>§.</span> <span class='ocrx_word' id='word_1_573' title='bbox 1175 2510 1228 2545; x_wconf 87' lang='lat' dir='ltr'>pr.</span> <span class='ocrx_word' id='word_1_574' title='bbox 1250 2503 1303 2536; x_wconf 71' lang='grc' dir='ltr'>ἐπὶ</span> <span class='ocrx_word' id='word_1_575' title='bbox 1325 2499 1375 2541; x_wconf 75' lang='grc' dir='ltr'>τῷ</span> <span class='ocrx_word' id='word_1_576' title='bbox 1394 2508 1426 2533; x_wconf 72' lang='grc' dir='ltr'>λ.</span> <span class='ocrx_word' id='word_1_577' title='bbox 1450 2496 1576 2533; x_wconf 85' lang='lat' dir='ltr'>inter-</span> 
     </span>
     <span class='ocr_line' id='line_1_46' title="bbox 53 2545 1574 2594; baseline -0.001 -10"><span class='ocrx_word' id='word_1_578' title='bbox 53 2549 151 2585; x_wconf 83' lang='lat' dir='ltr'>vallo</span> <span class='ocrx_word' id='word_1_579' title='bbox 171 2560 285 2594; x_wconf 83' lang='lat' dir='ltr'>parvo</span> <span class='ocrx_word' id='word_1_580' title='bbox 307 2559 494 2591; x_wconf 79' lang='lat' dir='ltr'>recurrat,</span> <span class='ocrx_word' id='word_1_581' title='bbox 525 2549 571 2586; x_wconf 84' lang='lat' dir='ltr'>cf.</span> <span class='ocrx_word' id='word_1_582' title='bbox 590 2549 669 2586; x_wconf 82' lang='lat' dir='ltr'>lod.</span> <span class='ocrx_word' id='word_1_583' title='bbox 693 2550 804 2586; x_wconf 84' lang='lat' dir='ltr'>Diod.</span> <span class='ocrx_word' id='word_1_584' title='bbox 825 2551 881 2591; x_wconf 86' lang='lat' dir='ltr'>S.‚</span> <span class='ocrx_word' id='word_1_585' title='bbox 917 2560 959 2586; x_wconf 86' lang='lat' dir='ltr'>ut</span> <span class='ocrx_word' id='word_1_586' title='bbox 989 2561 1074 2584; x_wconf 89' lang='lat' dir='ltr'>cum</span> <span class='ocrx_word' id='word_1_587' title='bbox 1099 2553 1183 2593; x_wconf 64' lang='lat' dir='ltr'>arg-bc</span> <span class='ocrx_word' id='word_1_588' title='bbox 1208 2548 1291 2584; x_wconf 88' lang='lat' dir='ltr'>Ael.</span> <span class='ocrx_word' id='word_1_589' title='bbox 1315 2545 1408 2582; x_wconf 90' lang='lat' dir='ltr'><strong>V.h.</strong></span> <span class='ocrx_word' id='word_1_590' title='bbox 1425 2549 1466 2583; x_wconf 78' lang='lat' dir='ltr'>et</span> <span class='ocrx_word' id='word_1_591' title='bbox 1485 2557 1574 2583; x_wconf 85' lang='lat' dir='ltr'>cum</span> 
     </span>
     <span class='ocr_line' id='line_1_47' title="bbox 55 2595 1572 2646; baseline 0 -14"><span class='ocrx_word' id='word_1_592' title='bbox 55 2597 183 2635; x_wconf 81' lang='lat' dir='ltr'>Nostri</span> <span class='ocrx_word' id='word_1_593' title='bbox 207 2602 258 2636; x_wconf 76' lang='grc' dir='ltr'>ἐπὶ</span> <span class='ocrx_word' id='word_1_594' title='bbox 287 2597 400 2633; x_wconf 83' lang='lat' dir='ltr'>etiam</span> <span class='ocrx_word' id='word_1_595' title='bbox 421 2599 530 2640; x_wconf 88' lang='lat' dir='ltr'>Luc.,</span> <span class='ocrx_word' id='word_1_596' title='bbox 564 2599 737 2635; x_wconf 84' lang='lat' dir='ltr'>ordinem</span> <span class='ocrx_word' id='word_1_597' title='bbox 761 2611 927 2636; x_wconf 86' lang='lat' dir='ltr'>mutante</span> <span class='ocrx_word' id='word_1_598' title='bbox 952 2600 1013 2646; x_wconf 80' lang='lat' dir='ltr'>Bg.</span> <span class='ocrx_word' id='word_1_599' title='bbox 1036 2597 1116 2634; x_wconf 85' lang='lat' dir='ltr'>fere</span> <span class='ocrx_word' id='word_1_600' title='bbox 1136 2595 1239 2638; x_wconf 78' lang='lat' dir='ltr'>eP..</span> <span class='ocrx_word' id='word_1_601' title='bbox 1271 2596 1335 2644; x_wconf 88' lang='lat' dir='ltr'>qui</span> <span class='ocrx_word' id='word_1_602' title='bbox 1357 2596 1396 2631; x_wconf 92' lang='lat' dir='ltr'>in</span> <span class='ocrx_word' id='word_1_603' title='bbox 1417 2609 1450 2632; x_wconf 89' lang='lat' dir='ltr'>v.</span> <span class='ocrx_word' id='word_1_604' title='bbox 1472 2595 1572 2634; x_wconf 64' lang='lat' dir='ltr'>duan.</span> 
     </span>
     <span class='ocr_line' id='line_1_48' title="bbox 56 2644 1575 2696; baseline 0 -13"><span class='ocrx_word' id='word_1_605' title='bbox 56 2650 148 2683; x_wconf 66' lang='lat' dir='ltr'>ievea</span> <span class='ocrx_word' id='word_1_606' title='bbox 161 2647 238 2689; x_wconf 88' lang='lat' dir='ltr'>ior,</span> <span class='ocrx_word' id='word_1_607' title='bbox 302 2646 400 2683; x_wconf 81' lang='lat' dir='ltr'>uoad</span> <span class='ocrx_word' id='word_1_608' title='bbox 423 2660 571 2696; x_wconf 60' lang='lat' dir='ltr'>praep„</span> <span class='ocrx_word' id='word_1_609' title='bbox 601 2648 652 2686; x_wconf 85' lang='lat' dir='ltr'>cf.</span> <span class='ocrx_word' id='word_1_610' title='bbox 672 2661 709 2692; x_wconf 81' lang='lat'>2,</span> <span class='ocrx_word' id='word_1_611' title='bbox 727 2651 763 2691; x_wconf 87' lang='grc'>6,</span> <span class='ocrx_word' id='word_1_612' title='bbox 787 2660 842 2694; x_wconf 84' lang='lat'>19·</span> <span class='ocrx_word' id='word_1_613' title='bbox 868 2659 909 2686; x_wconf 88' lang='lat' dir='ltr'>et</span> <span class='ocrx_word' id='word_1_614' title='bbox 932 2660 963 2692; x_wconf 84' lang='lat'>1,</span> <span class='ocrx_word' id='word_1_615' title='bbox 987 2659 1043 2693; x_wconf 83' lang='lat'>15,</span> <span class='ocrx_word' id='word_1_616' title='bbox 1067 2644 1186 2691; x_wconf 86' lang='lat' dir='ltr'>15.i.,</span> <span class='ocrx_word' id='word_1_617' title='bbox 1226 2657 1389 2694; x_wconf 87' lang='lat' dir='ltr'>quocum</span> <span class='ocrx_word' id='word_1_618' title='bbox 1412 2646 1575 2683; x_wconf 83' lang='lat' dir='ltr'>variatur</span> 
     </span>
     <span class='ocr_line' id='line_1_49' title="bbox 57 2695 518 2744; baseline -0.002 -11"><span class='ocrx_word' id='word_1_619' title='bbox 57 2696 121 2733; x_wconf 74' lang='lat' dir='ltr'>hic</span> <span class='ocrx_word' id='word_1_620' title='bbox 144 2709 209 2744; x_wconf 87' lang='lat' dir='ltr'>per</span> <span class='ocrx_word' id='word_1_621' title='bbox 226 2698 270 2734; x_wconf 87' lang='lat' dir='ltr'>ad</span> <span class='ocrx_word' id='word_1_622' title='bbox 301 2695 394 2734; x_wconf 82' lang='lat' dir='ltr'>itum</span> <span class='ocrx_word' id='word_1_623' title='bbox 414 2696 518 2734; x_wconf 81' lang='lat' dir='ltr'>artic.</span> 
     </span>
    </p>
   </div>
  </div>
 </body>
</html>
