1722 3086
93 105 190 166 ¹96
259 101 427 148 LIBER
445 101 498 145 11.
536 101 662 147 CAP.
682 101 755 148 v1.
785 102 838 146 A.
856 100 912 147 v.
935 100 985 149 e.
1008 105 1118 162 946.
1164 102 1302 149 CHR.
1324 105 1385 149 N.
1415 119 1526 166 193.

92 218 160 272 w)
185 213 418 289 anroea,
464 215 531 285 μῆ
560 238 651 267 ⁷70¹!
676 218 752 267 καὶ
779 219 858 267 M?
884 235 928 271 et
956 223 1095 271 hastas
1125 222 1180 287 (si
1213 226 1328 273 forte
1358 229 1487 274 etiam
1517 223 1625 295 lapi-
1692 260 1695 272 ,

93 298 187 347 &mv
210 298 274 353 τὶς
305 291 422 355 βολὴ
452 293 552 344 εἰπὲ
577 297 660 344 τῶν
686 290 839 360 ὃωμοὶ-
880 300 988 347 dum
1010 301 1164 365 aliquis
1188 301 1416 350 comestus
1431 304 1484 350 de
1497 303 1624 352 testis
1690 329 1722 363 :1⁵

92 395 177 424 ’ἴων
219 373 292 423 ἐπὶ
353 375 406 442 T?
450 373 616 442 πομπῇ
662 372 839 436 γένοιτο,
878 380 925 424 in
972 376 1239 425 dedufilione
1293 379 1504 439 oriretur)
1546 382 1625 430 'de-
1690 387 1692 393 ’

92 449 329 516 ἀνήγαγον
358 445 493 498 αὐτὸν
528 453 587 504 εἰς
611 446 674 498 ’τοὶ
710 447 846 506 Βασί-
885 453 1107 502 duxerunt
1138 472 1240 501 eum
1270 459 1314 503 in
1341 458 1506 504 aulam:
1544 475 1625 524 po·
1662 493 1663 511 ÷

92 524 264 588 Ᾰέῑαῧ,
308 522 494 592 μηδενὸς
529 527 612 574 ’τῶν
644 518 843 589 δημοτῶν
882 531 993 595 pulo
1042 548 1124 580 nec
1176 529 1367 580 relistere
1418 534 1626 591 audente,

191 670 226 716 a)
251 670 289 702 ln
308 671 373 702 Ms.
395 670 448 702 na.
467 668 555 710 ligna
580 665 786 710 parenthesis
816 666 938 698 iterum
965 667 1109 706 absunt,
1143 677 1177 700 et
1193 668 1296 700 verba
1321 668 1392 711 ipsa
1418 668 1457 702 fic
1484 670 1625 710 habent,

92 719 190 758 ’,ἦπου
210 722 270 747 τίνι
288 720 371 747 λίθον
386 717 443 746 ἀπὸ
461 729 494 746 τ.
514 716 586 754 δωμ.
605 717 628 745 ἐ.
648 727 678 743 τ.
702 727 733 744 π.
755 715 872 751 γένοιτο
892 716 1084 750 &aeva-iun,
1107 717 1255 751 ἀνήγαγον
1272 723 1304 747 λ.
1325 716 1423 747 Mart
1459 726 1544 758 quae
1561 726 1628 748 no-

93 762 183 794 vitas
204 761 357 793 lectionis
377 760 480 792 etiam
499 760 532 791 in
553 761 637 792 Mss.
656 759 739 796 rel.,
765 769 799 789 v.
813 757 859 789 N.
873 781 883 796 ‚
911 768 1042 800 praeter
1061 768 1236 791 accentum
1253 764 1312 791 rav>
1331 761 1521 801 legitimum
1534 783 1545 799 ‚
1579 762 1625 794 cf.

93 811 127 848 §-
149 819 200 850 pr.
222 818 267 838 m.
339 806 372 845 b)
399 806 464 837 Hic
483 805 588 836 colon
606 805 638 837 in
660 803 735 846 Stp.
756 804 818 835 rel.
846 814 923 834 cum
940 806 1006 838 Ms-
1027 804 1107 845 ng
1133 814 1166 836 at
1182 806 1343 846 punitum
1360 806 1439 837 inde
1463 806 1626 850 deprava·

94 861 171 886 tum
190 853 224 885 in
244 853 321 891 ssc.,
353 863 416 894 pro
437 853 481 884 A.
501 850 545 883 al.
565 859 755 888 commate,
788 860 822 882 v.
843 848 876 881 N

94 970 310 1022 efferentes,
345 986 376 1006 κ.
397 967 504 1015 supra
523 975 630 1015 caput
649 963 780 1003 efferre
795 990 805 1007 ‚
843 964 899 1004 ὑπ.
930 964 1042 1013 super
1060 968 1206 1016 capite“
1240 981 1319 1005 non
1350 966 1533 1017 produsto
1553 965 1626 1006 hoe

93 1021 184 1059 loco
203 1020 243 1056 in
264 1021 328 1055 lib.
347 1017 559 1055 academico
579 1018 706 1054 Klotz.
725 1017 771 1053 de
791 1016 1079 1065 inauguratione
1107 1017 1319 1065 principum
1345 1019 1452 1067 super
1473 1020 1625 1069 clypeo.

142 1067 192 1115 wi
210 1072 291 1115 που)
317 1070 448 1117 Longe
467 1067 574 1103 aliter
603 1067 643 1102 in
663 1067 760 1103 Cod.
780 1066 1009 1115 legitur‚-.
1062 1068 1168 1114 Qae
1197 1080 1299 1104 certe
1329 1083 1374 1106 ex
1405 1082 1531 1106 errore
1561 1080 1626 1106 aut
1652 1089 1654 1093 v

93 1119 329 1170 negligentia
348 1116 511 1167 profesta
533 1115 603 1153 effe
623 1129 702 1152 non
722 1117 884 1163 possunt,
910 1115 971 1152 sed
990 1116 1148 1166 iugenio
1169 1118 1514 1156 librariitribuenda
1530 1117 1625 1156 sunt.

93 1171 274 1217 Namque
294 1179 479 1214 receptam
499 1165 578 1205 lest.
601 1178 723 1208 veram
745 1176 853 1213 puto.
879 1165 1017 1204 Stroth.
1071 1205 1075 1208 γ

191 1218 409 1256 Glosl'atoris
430 1228 566 1264 opera,
596 1214 705 1252 ficubi
727 1228 791 1263 per
811 1215 901 1251 Mss.
923 1215 1088 1257 nostros,
1114 1215 1176 1252 hic
1196 1216 1366 1263 profefto
1389 1227 1564 1266 apparet,
1586 1224 1626 1254 et

92 1280 296 1320 propterea
317 1266 493 1316 quidem,
527 1264 634 1312 quia,
659 1264 724 1302 etfi
744 1264 906 1301 formula
933 1265 1113 1301 novitatis
1138 1265 1179 1301 in
1203 1279 1236 1301 v.
1256 1282 1291 1310 '7-
1314 1279 1399 1303 cum
1427 1269 1501 1305 dat.
1531 1268 1625 1315 pers.

91 1322 211 1370 proba
231 1318 303 1360 est,
338 1330 405 1364 pro
426 1317 670 1364 confingeret,
701 1314 830 1350 datum
847 1313 940 1362 affin
968 1313 1098 1351 liceret
1115 1315 1240 1357 alicui,
1266 1315 1383 1363 posset
1399 1315 1548 1365 aliquis,
1576 1316 1626 1353 cf.

93 1370 179 1408 lnd.
210 1371 316 1405 Dem.
341 1381 373 1403 v.
394 1365 418 1402 i.
443 1367 537 1403 Xen.
559 1367 648 1413 Cyr.
672 1365 713 1402 Z.
738 1375 776 1400 et
801 1366 882 1412 Stp.
900 1364 972 1400 Th.
1000 1376 1031 1405 1,
1052 1369 1134 1405 826.
1160 1367 1206 1401 A.
1227 1378 1281 1406 e.,
1317 1376 1440 1402 tamen
1471 1377 1549 1403 tum
1573 1369 1627 1410 Ρ..,

93 1431 313 1470 quanquam
331 1415 508 1464 oblique,
535 1426 641 1452 tenet
661 1415 786 1463 vulg,
823 1425 903 1450 tum
928 1413 1106 1450 violentia
1128 1414 1178 1451 est
1206 1413 1397 1452 manifesta
1420 1414 1460 1452 in
1479 1416 1626 1458 omiffis.

93 1469 252 1509 mutatis
275 1480 314 1505 et
331 1464 468 1503 additis
482 1491 492 1508 ‚
519 1477 680 1512 quorum
702 1465 848 1501 nullum
865 1463 1080 1513 agnos-citur
1101 1464 1358 1514 vestigiumin
1379 1465 1475 1514 vulg.
1489 1491 1500 1508 ,
1536 1477 1625 1502 cum

93 1532 170 1569 que
193 1517 377 1555 sententia
402 1516 554 1552 tandem
573 1514 701 1551 existat
720 1514 871 1555 eadem,
907 1523 947 1550 et
973 1513 1145 1550 librarius
1163 1515 1329 1552 voluerit
1350 1515 1463 1552 modo
1488 1515 1626 1553 variare

93 1582 167 1620 pro
190 1566 299 1604 fimiii
323 1579 355 1610 1,
385 1579 438 1608 ιε,
464 1573 518 1606 18.
538 1573 600 1607 τῆς
617 1571 683 1601 τῶν
701 1566 769 1602 MS.
789 1570 905 1609 βολῆς,
932 1563 1033 1611 quod
1051 1562 1158 1599 subst.
1179 1577 1263 1601 cum
1286 1577 1317 1600 v.
1340 1579 1405 1610 tyno.
1429 1563 1625 1615 (ignotum

93 1621 174 1667 Stp.
193 1619 268 1655 Th.
291 1627 330 1653 et
351 1616 478 1657 1ndd.,
521 1613 571 1651 cf.
591 1615 702 1650 Hom.
726 1615 812 1649 Hei.
843 1614 932 1660 Lyc.
953 1610 1047 1648 Mus.
1069 1614 1160 1649 Luc.
1183 1614 1306 1652 Thuc.
1331 1627 1416 1651 cum
1443 1616 1485 1651 L.
1506 1616 1555 1652 N.
1575 1616 1623 1651 T.

93 1679 137 1708 et
152 1669 242 1706 Abr.
265 1666 309 1702 ad
330 1665 463 1702 Aesch.
488 1676 521 1707 1,
538 1664 637 1712 387.)
656 1663 769 1700 habet
787 1662 913 1699 saltem
928 1661 1151 1710 analogiam,
1176 1663 1215 1699 in
1229 1664 1359 1711 primis
1370 1678 1414 1702 ex
1426 1664 1491 1702 usu
1502 1665 1626 1701 Thue.

92 1732 130 1756 v.
150 1734 210 1764 7„
243 1716 291 1753 cf.
315 1718 395 1763 Stp.
420 1715 495 1751 Th.
518 1715 545 1751 1.
562 1714 586 1750 l.
607 1725 643 1761 p.
663 1725 716 1760 pr.
736 1714 773 1748 F.
788 1736 798 1752 ,
823 1711 889 1760 qui
911 1723 991 1748 non
1012 1712 1109 1748 male
1129 1712 1167 1748 in
1177 1714 1270 1750 Xen.
1288 1713 1376 1749 loco
1394 1713 1624 1762 statuitperi-

93 1766 268 1819 plu-astu,
302 1778 344 1804 ut
362 1764 443 1802 lnd.
464 1766 583 1801 Corn.
602 1764 650 1799 N.
671 1763 762 1810 v-fio
781 1762 805 1798 i.
819 1787 830 1802 ,
861 1761 980 1809 qualis
999 1774 1038 1798 et
1056 1761 1091 1797 h.
1106 1762 1131 1798 l.
1152 1762 1246 1798 sumi
1269 1763 1402 1808 potest,
1429 1775 1474 1799 ut
1490 1764 1532 1799 fir
1553 1774 1625 1810 pro
1683 1782 1703 1807 :²

91 1831 130 1856 v.
149 1817 272 1857 affini,
307 1829 349 1852 ne
370 1815 473 1852 forte
492 1815 721 1852 iacerentur,
751 1809 1033 1848 coniicerentur
1049 1812 1205 1859 lapides,
1233 1823 1309 1860 quo
1332 1811 1431 1849 redit
1444 1814 1480 1848 Ρ.
1492 1837 1505 1854 ,
1533 1811 1624 1849 dum
1644 1821 1653 1860 ι

95 1869 184 1907 Sch.
205 1866 342 1907 vertit,
369 1875 629 1912 praeterquam
654 1863 692 1898 in
709 1877 782 1906 ‘yw-
801 1872 844 1898 ut
864 1875 896 1904 ι,
913 1871 945 1907 3,
958 1872 1014 1896 20.
1027 1885 1038 1904 ,
1064 1860 1105 1897 in
1131 1867 1196 1906 ,,β.
1214 1861 1329 1898 iaetus
1350 1862 1521 1910 lapidum,
1537 1877 1620 1907 πομ.

95 1920 189 1958 dum
215 1926 342 1966 pompa
373 1914 547 1952 militaris
571 1913 804 1961 procedebat,
835 1913 873 1958 (e
898 1910 960 1947 Vs.
980 1910 1020 1946 P.
1049 1914 1246 1947 emendata
1276 1911 1315 1947 in
1338 1913 1418 1960 Stp.
1437 1912 1518 1954 ed.‚
1553 1910 1624 1949 nifi
1685 1933 1690 1941 ·

93 1966 204 2018 quod
224 1965 327 2002 addit
348 1966 425 2001 Lat.
445 1963 538 2005 adi..
572 1962 616 1998 ad
643 1961 840 1998 discrimen
867 1959 1028 1997 aliorum
1056 1960 1262 2005 locorum.)
1281 1976 1367 2002 που,
1403 1963 1553 1998 necubiss
1581 1960 1624 1998 in
1693 1977 1697 1984 ⁴

93 2030 174 2067 quo
197 2018 258 2064 ssg.
280 2029 301 2052 e
323 2017 359 2051 P.
381 2013 556 2054 liberior,
585 2015 647 2056 (ut
666 2012 746 2048 ind.
768 2013 826 2046 va.
850 2010 940 2047 Aes.
961 2010 1028 2046 Hs.
1051 2010 1271 2057 ‚‚neforte,
1312 2023 1362 2046 ne
1382 2023 1447 2059 quo
1464 2009 1564 2054 loco,
1582 2027 1624 2040 --·
1687 2015 1689 2017 '

89 2068 221 2115 ficum,
250 2078 295 2101 an
306 2063 445 2111 forte“
473 2061 521 2098 cf.
539 2062 584 2098 ad
600 2061 795 2098 Hom.'03.
813 2059 858 2106 β’,
875 2063 970 2103 ι79.)
991 2059 1053 2097 sed
1071 2059 1233 2097 severior
1250 2058 1288 2096 in
1299 2058 1354 2102 xo«)
1373 2062 1533 2103 servato,
1553 2073 1623 2108 pto

122 2128 308 2157 raeoerea,
347 2124 493 2161 praeter
519 2111 587 2148 alia
613 2109 761 2148 inimici
780 2109 896 2147 animi
924 2108 1037 2152 facia,
1071 2109 1110 2145 in
1127 2115 1164 2155 β.
1185 2123 1251 2158 per
1278 2121 1424 2158 comp„
1459 2109 1561 2148 secus
1581 2123 1624 2148 ae

91 2131 121 2207 F,
139 2167 185 2209 1.,
219 2178 276 2213 ap.
296 2164 432 2202 G.Th.
451 2174 538 2199 cum
552 2162 617 2197 Gr.
637 2173 699 2201 n..
736 2160 777 2197 in
798 2164 832 2197 ἃ.
852 2177 885 2197 τ.
904 2163 934 2197 ὃ.
955 2156 1088 2207 partim
1103 2160 1171 2195 eP.
1185 2184 1196 2201 ,
1222 2159 1271 2195 cf.
1292 2173 1322 2201 i,
1338 2171 1394 2202 12,
1409 2164 1534 2203 16.e.‚
1557 2159 1622 2197 sed

93 2229 162 2267 per
185 2215 266 2264 syn.
288 2225 414 2263 praep.
428 2238 439 2255 ,
467 2212 506 2248 in
525 2227 562 2248 π.
583 2223 670 2247 cum
690 2211 772 2257 Stp.
792 2208 866 2246 Th.
885 2208 1058 2251 aliunde,
1086 2209 1254 2258 denique
1273 2208 1311 2245 in
1332 2222 1365 2244 v.
1377 2225 1413 2254 γ.
1431 2209 1527 2246 liber
1543 2207 1624 2248 fine

90 2265 328 2305 neceffiraoe.
364 2264 406 2299 it.
425 2261 466 2299 in
487 2258 622 2297 omiffis
644 2265 691 2302 εἰς
709 2277 742 2297 τ.
761 2265 796 2305 β.
811 2283 822 2301 ,
849 2270 944 2307 quae
960 2258 1079 2295 statim
1100 2271 1120 2295 e
1139 2260 1176 2296 P.
1197 2257 1436 2301 reduximus,
1464 2257 1622 2306 cf.§.7.,

91 2327 262 2366 quocum
283 2313 419 2351 Noster
430 2310 547 2348 variat
559 2322 626 2358 per
638 2310 784 2357 privum
797 2309 929 2350 subst.;
957 2308 1244 2345 removentibus
1254 2308 1363 2345 nobis
1383 2306 1623 2356 parenthefin

88 2378 165 2403 una
185 2377 271 2401 cum
293 2362 531 2399 distinffione
554 2358 717 2401 maiore,
747 2358 787 2395 in
808 2370 894 2406 gen.
916 2358 1069 2406 conseq.
1090 2371 1171 2395 non
1191 2356 1402 2401 neceffaria,
1427 2356 1622 2396 etiamnu-

87 2427 235 2452 merum
254 2414 286 2462 §.
312 2425 432 2449 novae
454 2411 496 2447 in
516 2408 725 2458 proximam
744 2407 1067 2444 enunciationem.

134 2467 290 2511 μηδενὸς)
317 2463 383 2511 Bg.
406 2474 428 2497 e
444 2461 506 2501 P..
534 2469 679 2508 praeter
699 2457 847 2504 'tempus
864 2456 967 2494 aliud
995 2456 1033 2493 in
1053 2471 1175 2503 τολμ,
1209 2456 1273 2495 ubi
1299 2456 1433 2495 Noster
1458 2469 1540 2494 non
1561 2468 1621 2494 va·
1647 2470 1649 2472 ·
1713 2466 1722 2471 ⁴·

86 2513 159 2552 siat
176 2526 259 2550 cum
280 2511 312 2559 §.
334 2515 390 2553 6.,
428 2512 658 2558 (quanquam
682 2506 813 2555 aliquo
838 2506 942 2554 pano
972 2519 1057 2543 cum
1080 2504 1170 2551 μήτε
1188 2510 1290 2549 ravin)
1309 2520 1380 2544 nec
1409 2506 1449 2543 in
1479 2520 1513 2542 v.
1541 2511 1621 2547 ἀντ..

87 2576 173 2601 cum
201 2577 230 2605 1,
254 2575 309 2605 ιι,
333 2572 386 2608 ¹3·
411 2573 483 2601 m..
520 2558 583 2596 sed
608 2558 646 2594 in
664 2566 730 2595 τῶν
750 2561 779 2594 ὃ.
800 2568 885 2593 cum
907 2570 960 2604 pr.
980 2562 1038 2594 τὸν
1057 2559 1179 2601 δῆμον,
1219 2558 1267 2593 cf.
1289 2556 1320 2603 ᾗ.
1340 2569 1393 2597 1..
1428 2566 1473 2592 ut
1492 2567 1622 2599 tamen

84 2612 261 2650 servarim
283 2612 421 2647 nemine
441 2610 678 2658 plebeiorum,
706 2607 732 2643 f.
750 2620 770 2644 e
784 2608 903 2656 plebe,
939 2605 988 2641 cf.
1007 2606 1040 2655 §.
1067 2618 1120 2651 5.‚
1146 2607 1186 2643 in
1208 2608 1318 2643 rebus
1339 2605 1424 2653 ipfls
1435 2618 1519 2643 cum
1532 2607 1620 2643 No..

81 2662 156 2700 stro
176 2675 255 2699 non
277 2659 598 2697 convenientibus
618 2660 738 2705 Spart.
759 2654 801 2694 in
820 2656 886 2692 lul.
909 2668 938 2691 c.
951 2668 988 2702 4.
1005 2669 1042 2703 p.
1060 2668 1184 2701 577.e.
1205 2658 1340 2703 lapides
1356 2657 1468 2691 etiam
1479 2656 1518 2691 in
1528 2667 1617 2692 eum

80 2713 258 2756 iecerunt,
291 2721 330 2748 ‘t
345 2711 385 2747 in
407 2709 504 2746 Pel'c.
518 2707 641 2757 Nigro
669 2718 698 2742 c.
713 2719 748 2744 2.
767 2718 804 2754 p.
819 2712 899 2751 ⁶44-
919 2705 944 2741 i.
963 2707 1066 2741 inter
1085 2706 1335 2753 lapidationes
1356 2705 1619 2754 cxftcrationes
1653 2747 1657 2749 ,

77 2774 155 2811 que
174 2762 350 2800 omnium»
382 2759 429 2796 it.
448 2757 564 2806 Xiph·
585 2759 624 2796 S.
644 2766 732 2805 393,
752 2768 812 2804 25.
836 2759 954 2799 ἀλλὰ.
986 2760 1100 2794 καίτοι
1124 2763 1244 2794 πολλοὶ
1265 2755 1322 2799 κη’
1347 2756 1530 2799 πολλαχοῦ
1557 2762 1618 2798 τῆς
1653 2764 1655 2766 “
