1687 3137
597 125 1052 188 EPJS'TOLA.
1504 140 1602 178 ‚vu

129 268 135 308 J
174 253 297 302 Hanc
308 264 440 298 textus
459 252 667 294 veritatem
687 262 728 291 et
747 251 958 304 puritatem
982 247 1137 289 adiuvat
1163 245 1296 289 critica
1321 255 1388 283 ars
1411 252 1451 284 et
1475 243 1598 285 inter-

63 323 177 374 pres,
202 315 277 356 hac
293 311 380 355 arte
402 310 597 362 imbutus,
627 321 769 349 tenens
790 320 870 361 que
887 305 1057 360 proinde

238 376 282 425 1)
311 370 466 426 regulas
496 369 668 416 criticas,
699 367 882 420 vulgares
910 364 997 403 illas
1030 362 1093 402 vel
1116 361 1348 408 interiores,
1389 372 1491 413 quae
1521 371 1591 411 pa-

61 442 198 473 rantur
229 440 315 470 tum
341 442 366 469 e
389 426 532 466 libellis
563 423 820 478 quibusdam,
857 421 932 461 hoc
966 420 1132 460 nomine
1171 431 1215 457 ac
1240 416 1397 456 confilio
1427 413 1588 468 scriptis,

59 499 108 529 ut
133 488 298 538 Clerici,
335 496 378 524 ut
406 483 643 532 Burmanni,
681 493 765 521 tum
797 477 980 534 legendis
1007 475 1215 520 tractandis
1244 488 1322 527 que
1345 473 1588 519 editionibus

58 541 292 600 scriptorum
311 539 554 596 principibus
567 572 576 590 ,
607 553 711 594 quae
731 536 892 591 quidem
907 535 1042 580 nactae
1062 532 1135 573 {int
1153 533 1302 584 peritos
1326 532 1588 572 Commenta-

58 612 170 643 tores
185 613 228 643 et
246 599 563 642 Commentarios
587 611 611 637 e
630 609 783 650 genere
804 594 935 634 critico
948 622 958 640 ‚
989 603 1073 633 tum
1092 590 1270 642 denique
1289 603 1311 628 e
1332 587 1439 631 libris
1460 586 1589 641 fingu-

57 658 208 699 lar-ibus
226 655 556 698 Observationum
573 655 616 694 in
632 651 841 707 scriptores
860 652 1038 703 integros
1059 659 1124 687 aut
1145 659 1249 687 certa
1267 645 1429 685 istorum
1450 645 1548 693 loca,

226 719 272 766 2)
300 726 470 755 acumen
489 713 686 762 criticum,
715 722 760 754 ut
780 708 931 758 videat,
963 718 1064 760 quae
1093 704 1221 751 reela,
1253 715 1354 756 quae
1376 714 1513 755 prava,
1543 710 1586 740 et

49 772 203 828 quib'us'
214 771 271 813 de
288 770 422 821 eaufis,

196 840 199 851 ²
223 830 272 881 ς)
299 828 512 882 ingenium
534 826 725 876 criticum,
756 835 799 864 ut
817 823 859 864 in
879 821 1096 876 depravatis
1116 816 1279 873 quidem
1296 816 1390 856 locis
1412 813 1585 868 reperiat

51 883 181 929 {imile
200 884 316 945 quid,
347 884 514 924 fimilem
533 896 647 935 quam
673 881 924 931 medicinam,

131 990 134 992 ‚
191 941 489 995 ··4)·animum,
519 941 678 981 criticae
699 938 772 978 arti
790 935 1065 979 commodum,
1094 933 1171 973 hoc
1193 931 1268 980 est,
1298 930 1337 982 a)
1358 928 1582 982 patientem

53 997 211 1053 laboris>
228 998 269 1037 in
292 997 502 1051 cogitando
523 1009 642 1048 atque
663 993 948 1049 excogitando,
977 993 1075 1031 item
1094 992 1136 1029 in
1155 984 1383 1041 quaerendo
1411 999 1483 1038 per
1502 983 1583 1023 Le-

50 1055 142 1094 xica
157 1060 218 1109 ’,εε-
235 1051 392 1094 Indices
421 1067 510 1093 cum
542 1052 792 1100 editionmm·
816 1063 899 1092 tum
927 1049 1113 1090 librorum
1143 1044 1492 1090 Observationum,
1522 1060 1582 1072 —-·

47 1109 97 1162 b)
125 1109 373 1150 constantem
396 1123 442 1149 ac
468 1108 646 1159 firmum,
674 1109 750 1162 qu'r
762 1123 845 1149 non
872 1107 917 1147 sit
943 1118 1088 1159 pronus
1118 1103 1167 1142 ad
1191 1100 1472 1155 corrigendum
1498 1095 1582 1136 ubi-

42 1178 138 1218 que*
157 1173 217 1206 'et
228 1163 467 1221 fingendum
488 1167 620 1206 omnia
639 1169 663 1206 e
681 1164 748 1205 suo
769 1165 946 1219 ingenio,
973 1164 1052 1215 qui,
1082 1161 1184 1201 liber
1203 1174 1226 1198 a
1245 1159 1415 1212 partium
1438 1153 1580 1200 stUdit),

45 1223 502 1265 riec‘veteramordicus
527 1234 683 1274 teneat,
713 1222 742 1262 fi
764 1221 930 1266 absurda
955 1222 1095 1274 plane,
1124 1230 1199 1257 nec
1219 1230 1320 1256 nora
1350 1213 1518 1260 reficiat,
1549 1209 1578 1250 fi

44 1277 213 1344 proi-fus
229 1279 460 1331 neoeffaria‚
489 1294 565 1321 nec
591 1279 716 1321 subito
747 1291 962 1332 occupetur
992 1291 1014 1320 a
1035 1274 1271 1316 lectionibus
1295 1272 1487 1313 Codicum
1508 1281 1577 1307 no-

43 1348 104 1400 vis
123 1349 188 1377 aut
206 1338 378 1377 virorum
401 1338 607 1378 doctorum
628 1339 862 1379 coniecturis
876 1366 885 1384 ‚
917 1333 1165 1389 quantumvis
1192 1328 1406 1384 ingeniolis
1432 1340 1476 1366 ae
1495 1322 1577 1377 spe-

43 1393 166 1446 ciosis,
199 1395 268 1448 qui
287 1408 365 1449 que
383 1396 548 1437 aliorum
566 1395 866 1437 emendationes
886 1392 968 1433 fine
991 1393 1046 1432 ira
1069 1390 1212 1430 toleret
1234 1400 1353 1440 atque
1376 1382 1577 1431 diiudicet,

215 1453 264 1506 ς)
291 1451 405 1493 usum
429 1453 825 1506 aliquem1Codieum
853 1464 973 1492 manu
1002 1448 1258 1501 scriptorum,
1291 1457 1333 1484 ut
1360 1441 1465 1484 norit
1495 1439 1576 1485 ele·

42 1516 275 1551 mentorum
295 1508 441 1564 figuras
463 1522 503 1551 et
522 1509 672 1560 duetus,
696 1510 1024 1564 compendiorum
1045 1505 1086 1545 in
1107 1501 1311 1544 scribendo
1337 1499 1508 1543 rationes
1529 1508 1575 1542 ac

42 1565 207 1617 modos,
235 1565 304 1608 fed
324 1569 537 1622 praecipue
557 1567 804 1609 librariorum
829 1579 988 1611 morem
1009 1564 1130 1603 alium
1157 1559 1316 1612 triplicis
1344 1555 1503 1612 generis
1529 1552 1574 1593 il'·

41 1620 161 1687 luna-‚-
183 1625 253 1664 ver
276 1625 318 1664 in
333 1625 531 1665 ‘exarandi
561 1625 739 1675 arbitrio,
769 1622 981 1678 iungendis
1010 1616 1230 1673 separandis
1254 1629 1334 1669 que
1361 1610 1575 1660 vocabulis,

42 1679 458 1736 vel·1n·negligenter
483 1694 747 1736 properanter
770 1695 849 1736 que
874 1678 1101 1727 scribendo,
1130 1687 1173 1716 ut
1196 1684 1384 1727 peccetur
1411 1671 1455 1710 in
1488 1667 1575 1708 ele-

41 1737 377 1792 mentisfingulis
399 1751 467 1779 aut
489 1739 718 1780 omittendis
743 1740 835 1780 totis
857 1735 1057 1778 vocabulis
1080 1731 1250 1773 versibus
1270 1743 1340 1777 ve,
1369 1729 1434 1769 vel
1459 1722 1572 1767 deni-

41 1804 125 1854 que
144 1795 186 1833 in
204 1795 420 1847 mutandis,
451 1795 643 1836 novandis
664 1795 854 1836 addendis
874 1808 953 1848 que
980 1803 1046 1834 aut
1072 1789 1225 1838 verbis,
1252 1798 1318 1828 aut
1347 1784 1486 1834 rebus,
1515 1779 1571 1828 de

41 1848 254 1899 andustria,
283 1851 334 1892 ad
360 1849 591 1904 sapientiam
613 1851 922 1901 ostendendam,
954 1850 1019 1889 vel
1038 1862 1109 1901 per
1126 1844 1274 1901 glossas.

22 1918 24 1921 '
154 1908 238 1957 Qui
259 1908 421 1960 quidem
437 1907 525 1947 usus
548 1920 588 1948 et
608 1907 691 1961 ipse
713 1919 961 1961 comparatur
981 1906 1084 1951 vario
1105 1902 1246 1951 modo,
1279 1912 1401 1953 atque

216 1965 258 2015 1)
288 1977 313 2004 e
336 1964 550 2006 Codicibus
576 1963 828 2018 inspiciendis
846 1964 933 2017 ipsis
960 1961 1164 2003 uastandis
1187 1971 1263 2012 que
1283 1957 1437 2006 diutius,
1465 1965 1592 2008 quae·

42 2029 127 2081 '²⁰¹¹
145 2019 203 2062 est
219 2022 440 2062 multorum
455 2020 644 2071 felicitas,
675 2024 876 2068 voluntas,
906 2020 1097 2075 patientia
1117 2028 1158 2058 et
1176 2015 1344 2060 scientia,

95 2133 104 2141 ⁵
125 2133 135 2141 ·
171 2100 175 2105 v
209 2078 259 2131 2)
287 2091 338 2118 ex
356 2077 560 2136 Excerptis
581 2078 858 2127 eCodicibus‚
889 2078 1033 2121 horum
1053 2089 1130 2130 que
1156 2071 1448 2126 comparatione
1475 2080 1567 2114 cum

36 2131 219 2175 editione
245 2135 427 2193 quadam,
584 2137 588 2140 ⁴

47 2249 55 2253 b
139 2247 149 2256 ο
210 2191 256 2245 3)
291 2206 315 2232 e
344 2191 452 2232 libris
481 2194 664 2247 operibus
695 2207 795 2248 que,
834 2193 1057 2248 singulatim
1085 2189 1200 2239 editis
1234 2184 1348 2240 super
1372 2181 1569 2229 Codicum

39 2259 151 2288 onuu
167 2248 416 2298 conditione,
447 2262 491 2290 ut
511 2251 838 2302 Montefalconii‚
869 2262 911 2291 ut
937 2248 1172 2296 Mabillonii‚

202 2307 251 2358 4)
281 2319 333 2346 ex
357 2306 597 2348 editionibus
617 2307 846 2360 scriptorum
864 2319 948 2348 tum
968 2305 1224 2358 principibus,
1252 2312 1354 2354 quae
1371 2297 1567 2346 dicuntur,

37 2357 117 2423 'hoc
136 2360 211 2411 est,
232 2361 368 2425 'duc'tis
387 2362 435 2401 ab
457 2365 569 2404 initio
589 2379 612 2405 e
631 2360 864 2414 Codicibus,
893 2376 976 2404 tum
995 2363 1110 2402 bonis
1130 2360 1227 2408 aliis,
1259 2360 1356 2396 item
1379 2351 1566 2397 Observa-

38 2426 196 2458 nonum
215 2417 322 2459 libris
335 2448 344 2466 ,
375 2419 444 2458 ubi
461 2420 575 2474 super
594 2421 788 2462 Codicum
809 2421 1041 2463 lectionibus
1069 2417 1112 2458 fit
1137 2416 1334 2461 iudicium.

154 2476 235 2514 sam
250 2506 260 2525 ›
291 2489 436 2528 quanta
460 2480 571 2530 copia
590 2480 681 2518 artis
707 2479 872 2530 peritiae
896 2491 977 2530 que
998 2477 1153 2515 criticae
1175 2468 1424 2513 exercendae
1444 2478 1565 2519 atque

39 2529 314 2595 ostendendae
332 2532 374 2571 in
393 2534 623 2574 Herodiano
647 2532 865 2585 offerretur,
897 2531 1135 2578 cognoscere
1151 2529 1320 2585 potuisti,
1348 2526 1403 2564 mi
1421 2528 1565 2572 Frater,

40 2600 66 2626 e
83 2586 247 2641 singulis
265 2586 354 2629 fere
371 2593 522 2644 paginis
543 2603 584 2631 et
603 2592 726 2642 Notis,
747 2593 876 2640 etiam,
898 2581 1054 2643 qualem
1074 2602 1139 2628 me
1160 2587 1214 2626 ibi
1234 2596 1428 2638 gererem.
1486 2582 1566 2623 Ve-

39 2652 140 2707 rum,
172 2645 277 2697 qUOd
297 2647 338 2685 in
356 2646 507 2688 iudiciis
528 2645 640 2700 super
662 2662 784 2701 opere
805 2647 1036 2688 Herodiano
1056 2659 1128 2699 per
1151 2639 1438 2697 Ephemerides
1461 2638 1565 2676 litte·

39 2712 157 2740 ranas
175 2714 338 2742 mecum
356 2703 708 2756 deprehendebas,
737 2719 856 2758 quam
882 2716 999 2757 parce
1027 2712 1238 2756 tangerent
1265 2700 1369 2738 illam
1402 2706 1567 2748 operam

38 2769 174 2796 meam
201 2758 398 2807 criticam,
447 2774 534 2800 cum
571 2759 701 2800 fuiffet
736 2773 869 2801 tamen
900 2760 1068 2813 plurima
1107 2771 1147 2799 et
1178 2755 1408 2810 praecipua,
1446 2761 1566 2804 quarn

41 2813 365 2865 emendationes,
394 2830 460 2857 aut
484 2816 603 2856 fae‘tas
624 2818 701 2857 iam
721 2816 760 2857 in
787 2830 897 2857 textu
914 2849 923 2866 ,
949 2828 1012 2856 aut
1034 2827 1187 2856 tantum
1206 2814 1248 2854 in
1267 2810 1377 2853 Notis
1398 2806 1567 2863 propost-
