1722 3086
146 92 241 138 208
311 86 481 132 LIBER
498 85 552 130 11.
583 86 706 131 CAP.
721 86 820 133 V11.
850 89 905 134 A.
926 89 981 134 V.
1006 89 1052 134 C.
1076 95 1186 148 946.
1216 92 1356 137 CHR.
1379 94 1443 140 N.
1475 107 1581 155 193.

141 205 352 253 τοο-αὔτα
372 199 622 272 χςῆματα,
659 201 751 254 ὅσοι
775 206 885 261 ἦλα·
924 212 960 256 ei
985 222 1131 257 tantae
1162 229 1293 276 opes,
1334 228 1514 278 quantas
1537 214 1663 271 iaaa-

143 277 388 348 ζσνεύσατο
413 279 436 339 s,
482 275 581 328 οὔτε
600 278 683 345 μὴν
706 275 886 347 οἱδημο-
923 297 1075 343 verat,
1132 289 1271 336 immo
1311 308 1391 338 nec
1431 293 1663 358 publicum

139 355 318 406 mauolt
340 355 564 424 Θησαυξοὶ
588 358 763 417 εἶχονυ·
802 360 885 406 αἰλ·
926 365 1145 410 aerarium
1178 367 1452 424 continebat,
1504 369 1575 415 sed
1611 388 1662 418 o·

231 497 264 536 s)
289 497 403 530 Colon
421 496 476 528 hic
495 496 529 528 in
550 497 582 529 Β.
599 505 627 530 1.
647 499 705 536 R„
734 508 768 529 v.
787 497 834 531 N.
906 502 933 536 t)
958 502 1024 533 MS.
1045 501 1097 532 132.
1115 505 1143 533 οἵ
1162 502 1293 536 δημόσιοι
1308 509 1341 534 τί
1358 507 1449 542 snm,
1474 503 1513 535 it.
1533 502 1661 538 Msffi.

138 552 274 587 praeter
289 548 320 575 τὶ
340 543 425 575 alius
437 552 531 594 ρει,
557 553 591 573 v.
615 554 648 581 2,
667 545 700 580 6,
725 552 778 584 19.
799 555 843 575 m.
865 555 898 576 et
919 543 964 576 Ν.
1040 546 1080 591 u)
1108 548 1141 578 ln
1161 549 1223 580 Ms-
1246 550 1298 584 Ba.
1319 559 1472 589 comma,
1496 559 1570 581 cum
1589 551 1661 593 Stp.

139 589 226 627 tel„
257 598 297 621 ut
316 588 416 620 colon
437 598 470 619 m
492 588 586 625 Pac„
623 587 678 621 sed
696 590 856 630 punctum
875 590 909 621 ln
929 591 971 622 A.
990 591 1057 629 aL,
1086 602 1119 624 v.
1141 593 1188 625 N.
1358 604 1364 606 ·

138 703 193 740 H.
216 703 252 740 S.
274 703 323 738 T.
343 714 393 744 ¹.,
431 701 472 739 it.
497 705 559 741 τοῦ
576 702 690 742 οἵκοθε
709 715 776 752 pro
793 707 829 751 ἐξ
846 703 936 742 οἴκου
963 715 1021 752 ap.
1039 703 1128 741 Hes.
1155 717 1188 748 2,
1206 717 1312 749 725..
1349 716 1562 756 quanquam
1586 704 1661 744 fine

139 753 191 792 N.
213 763 252 788 et
279 752 472 800 exemplo,
509 755 622 801 quale
650 766 720 790 nec
747 753 787 790 in
817 754 941 791 nostro
972 766 1039 801 pro
1066 754 1227 790 notione
1248 757 1282 791 Ρ.
1305 757 1424 802 reperi
1456 769 1521 803 per
1542 759 1662 799 lndd..

137 815 212 841 nec
233 815 287 848 ap.
308 804 387 848 Stp.
413 802 487 838 Th.
511 814 549 839 et
562 805 598 839 L.
612 804 720 846 Ern..
747 803 809 839 ubi
831 815 870 839 et
887 802 952 840 illa
969 804 1114 846 Reitz.,
1141 805 1186 840 de
1203 802 1285 846 suis,
1307 817 1328 839 e
1346 805 1572 851 patrimonio
1585 806 1662 849 suo,

136 853 181 891 it.
205 852 243 888 in
268 853 332 888 Vs.
353 851 397 887 ad
418 852 521 889 Suid.
544 854 655 900 Excp.
675 867 730 900 ap.
749 854 809 889 Sb.
826 857 907 897 869,
927 864 982 901 32.
1003 867 1111 902 neque
1128 852 1230 890 enim
1248 856 1290 890 de
1310 854 1373 891 suo
1391 864 1533 890 tantum
1554 867 1661 891 uum-

136 914 286 941 morum
306 901 475 943 babebat,
505 902 566 939 sed
591 915 657 950 per
676 903 829 940 liberam
852 905 913 941 Vs.
934 904 973 940 in
993 903 1052 940 ed.
1073 904 1170 939 Kust.
1185 928 1195 944 ,
1237 903 1285 940 cf.
1303 905 1390 940 Abr.
1411 904 1454 939 ad
1474 903 1600 940 Aesch.
1630 916 1662 946 ι,

139 956 225 999 629.
245 965 315 993 m.,
354 952 414 989 sed
436 951 475 987 in
504 951 704 989 notionem
736 953 921 1001 vulgarem
947 952 1048 989 Suid.
1069 966 1103 995 2,
1126 957 1207 997 664.
1228 967 1276 989 m.
1306 955 1385 990 lud.
1406 954 1516 1001 Soph.
1539 953 1596 989 Αἰ.
1616 954 1660 990 R.

140 1003 209 1040 Or.
230 1003 277 1038 V.
297 1015 330 1047 4.
352 1005 386 1037 6.
417 1003 544 1044 Deum,
581 1002 640 1039 cui
660 1002 742 1038 add.
763 1012 845 1049 303,
868 1015 926 1039 20.
950 1004 1038 1039 Luc.
1057 1004 1153 1039 Xen.
1177 1005 1260 1051 Cyr.
1278 1004 1343 1047 Z,
1381 1004 1538 1040 maxime
1561 1017 1604 1039 ex
1628 1015 1662 1046 2,

139 1066 176 1100 4,
194 1064 228 1098 9.
255 1052 331 1087 Th.
358 1052 420 1086 Vs.
440 1053 485 1086 V.
503 1064 534 1087 1.
555 1065 589 1098 p.
607 1065 620 1088 ι
633 1064 687 1098 30.
702 1052 723 1089 i.
737 1075 747 1092 ,
782 1052 843 1088 ubi
869 1065 907 1089 et
926 1052 993 1088 alia
1011 1054 1121 1088 notio
1134 1078 1144 1095 ,
1181 1064 1223 1089 ut
1247 1066 1304 1100 ap.
1322 1053 1443 1089 Schol.
1467 1053 1582 1100 Soph.
1599 1052 1662 1091 Αἰ.

135 1103 182 1140 R.
203 1103 269 1139 Or.
291 1102 336 1138 V.
357 1113 391 1144 7.
414 1100 454 1137 Is.
485 1100 527 1137 it.
549 1102 608 1137 Sb.
630 1115 650 1138 e
667 1101 776 1148 Xiph.
799 1114 837 1138 et
860 1102 973 1138 Dion.
998 1103 1040 1138 C.
1069 1102 1110 1138 it.
1132 1102 1221 1138 Phil.
1253 1103 1294 1138 in
1313 1104 1365 1154 El.
1387 1116 1421 1150 p.
1442 1106 1526 1147 756.
1548 1104 1592 1138 A.
1614 1115 1662 1144 e..

137 1152 204 1189 ubi
223 1161 262 1187 et
281 1163 316 1198 p.
333 1162 410 1195 754.
438 1151 480 1186 C.
502 1156 583 1191 τοῦς
610 1147 779 1192 πεσιῖιτας
802 1156 833 1189 ἐν
853 1154 903 1197 τῷ
922 1158 1058 1198 πολέμῳ
1085 1160 1151 1189 τῶν
1169 1154 1303 1198 ἐχθρῶν
1320 1160 1432 1198 ταφῆς
1458 1152 1607 1198 ἐξιοῦσιν
1621 1168 1660 1178 ·-··

135 1205 216 1245 ταῖς
236 1200 366 1238 οἴκοθεν
385 1204 572 1242 δαπάναις,
601 1200 760 1248 ipsorum
770 1201 903 1248 fianta,
931 1201 1045 1237 immo
1059 1201 1344 1249 suis-linmtibu53
1366 1201 1579 1238 discedente
1594 1204 1658 1250 ng.

133 1251 176 1288 in
197 1251 260 1287 rel.
285 1263 303 1286 a
325 1251 361 1285 Ρ.
383 1260 530 1286 tantum
551 1250 595 1285 ad
615 1263 648 1285 ν.
670 1249 724 1292 17’2..
749 1263 814 1296 per
835 1261 981 1298 tempus
1006 1264 1026 1286 e
1047 1254 1125 1295 Stp.
1144 1264 1214 1292 1n.‚
1257 1251 1319 1287 ubi
1344 1250 1424 1287 Sch.
1449 1264 1469 1287 e
1492 1253 1553 1287 Sb.
1577 1253 1660 1288 lud.

134 1301 175 1338 in
196 1298 366 1336 adiunfta
386 1299 546 1335 notione
564 1299 779 1336 secundaria
809 1311 1054 1349 „arroganter
1078 1301 1277 1341 imma-uitat
1306 1312 1415 1348 quam
1435 1300 1543 1336 aliam
1556 1299 1660 1336 adhi-

132 1352 228 1390 bent
248 1362 403 1398 quoque
425 1351 461 1386 L.
483 1348 565 1385 Ern.
587 1361 625 1386 et
645 1351 725 1397 Stp.
747 1350 818 1387 Th.
845 1350 1019 1391 aliunde,
1045 1349 1086 1387 it.
1109 1349 1199 1386 Pois.
1220 1350 1332 1391 Call.‚
1359 1350 1421 1387 ubi
1443 1361 1481 1387 et
1499 1346 1562 1386 Sb.
1585 1349 1659 1393 illa,

133 1401 184 1439 cf.
209 1401 250 1437 R.
273 1401 341 1436 Or.
365 1401 409 1434 V.
430 1413 485 1444 4...
521 1398 587 1444 qui
610 1409 648 1436 et
670 1398 848 1446 exprimit
865 1399 940 1435 vim
961 1399 1083 1441 med„
1119 1412 1203 1436 cum
1226 1399 1306 1436 lnd.
1333 1401 1427 1438 Xen.
1447 1401 1536 1448 Cyr.
1557 1400 1599 1436 Z.
1619 1410 1660 1436 et

133 1452 204 1490 Gs.
226 1449 336 1491 Chr.,
372 1461 451 1485 non
476 1448 671 1485 valituram
698 1448 761 1483 hic
779 1461 865 1485 cum
887 1461 961 1484 acc.
981 1447 1055 1489 rei,
1089 1448 1156 1484 nifi
1183 1447 1330 1485 fortasse
1351 1461 1416 1496 per
1435 1449 1539 1497 Virg.
1557 1452 1602 1485 A.
1621 1460 1657 1491 9,

136 1512 218 1548 134.
234 1510 328 1548 prae
349 1496 384 1534 se
405 1499 566 1540 iaHare,
598 1497 813 1534 nostratium
836 1510 904 1534 von
923 1499 994 1535 fich
1017 1500 1188 1546 prahlm,
1222 1511 1260 1535 et
1278 1497 1380 1535 aliud
1407 1511 1472 1545 per
1491 1499 1568 1535 Lat.
1584 1498 1659 1545 fibi

132 1562 335 1598 arrogare,
373 1548 477 1596 quod
499 1548 563 1584 Gs.
585 1547 654 1584 Th.
673 1572 683 1589 ,
709 1558 751 1583 ut
772 1559 810 1584 et
831 1550 914 1596 ssg.,
943 1558 1051 1584 tenet
1069 1560 1154 1585 cum
1179 1549 1243 1585 Gr.
1264 1560 1327 1591 n.‚
1355 1559 1433 1596 quo
1454 1547 1501 1584 de
1522 1560 1556 1584 v.
1570 1546 1658 1583 Hes.

134 1601 192 1639 bis
214 1600 287 1636 line
306 1598 352 1634 N.
382 1611 411 1639 1,
432 1601 514 1633 216.
534 1596 614 1638 dn„
641 1600 830 1641 ψεύδεσθαι
845 1623 855 1640 ,
890 1611 924 1645 p.
945 1597 996 1645 sq.
1017 1598 1070 1635 α’Λ.
1085 1621 1097 1639 ,
1127 1597 1416 1643 ὗπεςηφανεύετοᾳ
1430 1621 1441 1639 ,
1476 1609 1532 1645 ap.
1553 1595 1658 1633 Suid.

133 1661 219 1686 cum
242 1659 365 1694 praep.
385 1654 467 1692 πρὸς
490 1659 521 1689 1,
545 1654 603 1691 98.
622 1660 694 1689 m..
730 1646 804 1682 fine
824 1648 902 1683 lnd.
922 1659 978 1694 ap.
997 1648 1106 1683 Dem.
1127 1659 1209 1691 957,
1232 1659 1287 1682 11.
1315 1646 1505 1688 absolute,
1544 1657 1588 1683 ut
1615 1646 1658 1684 in

132 1701 214 1738 lnd.
233 1700 330 1735 Xen.
353 1697 409 1733 M.
426 1699 463 1732 S.
477 1696 544 1738 Z.,
579 1696 639 1733 sed
662 1709 744 1732 cum
765 1697 837 1732 dat.
862 1697 951 1744 pers.
972 1696 1015 1733 R.
1035 1703 1101 1732 Or.
1126 1696 1169 1732 V.
1187 1700 1220 1733 6.
1243 1706 1282 1732 et
1299 1708 1385 1732 cum
1404 1695 1658 1743 adwapffloffi

133 1748 228 1787 Call.
281 1745 461 1794 Denique
480 1758 538 1793 ap.
557 1745 662 1782 Suid.
684 1744 808 1782 omissa
829 1745 883 1785 ὅσ.
901 1747 955 1788 sin.

178 1803 251 1837 οὔτ.
272 1814 309 1843 μ.
329 1802 358 1833 οἱ
375 1797 468 1841 δημ.)
489 1794 701 1842 Suspectum
723 1795 818 1831 illud
839 1800 1047 1839 δημοσιακοί.
1096 1795 1208 1830 forte
1221 1794 1264 1830 ab
1276 1793 1424 1831 austore
1435 1793 1486 1829 est
1496 1791 1658 1838 δημόσιοι.

129 1847 228 1888 Illud
253 1858 406 1887 vereor,
441 1856 484 1882 ut
502 1845 579 1880 ulla
606 1845 828 1881 austeritate
851 1844 961 1892 poffit
985 1843 1133 1881 firmari.
1152 1844 1270 1880 Leim.
1325 1844 1404 1879 Aut
1429 1839 1577 1888 δημόσιοι
1606 1842 1656 1880 est

129 1897 335 1948 legendum
349 1921 360 1937 ,
398 1905 462 1931 aut
484 1897 675 1937 δημοσιακσὶ
697 1894 747 1929 est
767 1894 992 1930 vocabulum
1011 1893 1103 1930 novi
1124 1893 1334 1930 commatis.
1361 1892 1479 1928 Reisk.

224 1944 422 1981 Toleravit
439 1947 540 1993 vulg.
560 1943 635 1979 line
650 1945 710 1979 Vs.
726 1956 881 1992 quoque
893 1943 1047 1980 Sb.1nd.
1068 1955 1106 1978 et
1119 1944 1230 1979 habet
1239 1943 1280 1980 L.
1294 1944 1380 1979 Ern.
1395 1955 1478 1978 cum
1488 1943 1567 1990 Stp.
1579 1941 1654 1978 Th.

127 1996 186 2040 „L
197 2008 234 2044 q.
246 1991 431 2038 δημόσιοςίῑ
443 2005 480 2029 at
492 1993 579 2029 hinc
592 1993 705 2028 modo
718 2006 782 2040 per
795 1995 856 2029 Vs.
871 1994 922 2034 R,
936 1993 1001 2041 qui
1013 1992 1160 2028 brevior
1171 1992 1220 2028 est
1229 1992 1304 2033 hic,
1316 1991 1470 2028 utSuid.
1483 1991 1509 2027 l.
1522 1992 1548 2027 l.
1561 1988 1614 2034 xa.)
1625 1995 1657 2028 οἱ

128 2046 281 2092 δημόσιοι
299 2047 463 2089 θησαυροὶ
485 2048 678 2080 ἔκεκένωυτο
694 2040 761 2080 ὑπὸ
782 2039 978 2087 Κομμέδου,
1007 2053 1091 2078 cum
1110 2043 1204 2077 Mss.
1222 2042 1391 2078 novitate
1408 2041 1533 2081 etiam,
1559 2051 1655 2087 quae

126 2095 238 2134 facile
263 2106 327 2142 per
347 2094 553 2129 litterarum
577 2090 859 2128 limilitudinem
879 2091 1026 2128 dederit
1042 2090 1247 2127 ‘leffionem
1277 2092 1403 2138 vulg„
1442 2103 1522 2126 non
1547 2088 1655 2125 illam

127 2156 316 2195 praeterea
341 2155 403 2189 per
424 2141 530 2179 lndd.
549 2152 747 2188 repertam,
778 2152 822 2178 ut
840 2142 898 2177 vel
918 2141 1101 2188 peculiare
1119 2139 1162 2175 snt
1176 2139 1310 2175 Nostro
1331 2140 1564 2180 vocabulum,
1594 2137 1654 2174 vel

127 2196 285 2232 alterum
306 2191 398 2229 Mss.
422 2190 548 2240 potius
576 2190 809 2231 habendum
845 2190 909 2227 ubi
932 2198 990 2232 τ),
1023 2188 1208 2225 divulsum
1238 2202 1257 2226 a
1283 2188 1348 2225 suo
1370 2202 1404 2225 v.
1431 2195 1525 2234 clx...
1562 2186 1656 2224 fimi·

126 2244 222 2283 lium
245 2242 465 2290 syllabarum
494 2240 719 2276 concursum
740 2241 901 2281 habens,
930 2251 1002 2276 nec
1023 2251 1081 2284 ap.
1107 2239 1143 2273 Ι).
1165 2250 1404 2285 comparens,
1437 2249 1477 2274 et
1496 2250 1562 2285 per
1580 2237 1617 2273 se
1633 2247 1654 2272 a

126 2292 323 2331 vicinitate
343 2303 413 2327 utr.
430 2301 548 2337 aeque
568 2300 706 2330 ortum,
731 2301 772 2324 ac
794 2290 978 2336 elapsum,
1000 2287 1117 2325 abelse
1140 2289 1270 2335 pgotpst,
1299 2287 1480 2335 quoniam
1501 2289 1539 2323 in
1552 2287 1651 2334 vulg.
1702 2289 1710 2304 ”“

123 2342 207 2381 lest.
228 2340 344 2388 reperi
368 2340 458 2376 licet
477 2339 522 2375 ad
549 2352 585 2374 v.
606 2343 672 2382 εἷχ.
695 2349 761 2374 aut
789 2350 996 2386 pronomen
1018 2340 1106 2375 αὐτὰ
1132 2350 1152 2372 e
1201 2352 1227 2374 r.
1250 2337 1405 2372 membri
1428 2333 1650 2373 substantivo

125 2409 209 2439 χρη
235 2391 282 2428 cf.
308 2391 357 2427 N.
374 2389 427 2438 sq.
445 2400 510 2425 aut
531 2388 644 2425 etiam
668 2387 788 2434 ipsum
814 2399 866 2434 pr.
886 2390 1068 2429 τοσαῦτα,
1106 2351 1206 2424 muli.-
1229 2387 1308 2434 post
1335 2387 1389 2429 ἤλ.
1412 2385 1484 2422 erit
1504 2396 1650 2420 comma

125 2456 146 2479 e
167 2453 242 2481 vet.
267 2439 369 2481 left..
396 2450 433 2475 at
456 2452 476 2475 e
492 2450 590 2473 nova
614 2439 702 2475 Mss.
725 2437 860 2477 colon,
890 2437 994 2484 quod
1015 2449 1053 2474 et
1076 2436 1158 2484 post
1171 2442 1240 2481 εἰχ.
1259 2435 1432 2477 fecimus,
1459 2446 1502 2471 ut
1522 2435 1558 2469 in
1579 2445 1650 2468 no·

123 2504 168 2528 va
189 2490 364 2527 reffione.
418 2486 519 2523 Tum
538 2491 621 2530 Sne.
646 2487 805 2527 iterum.
831 2497 873 2522 ut
894 2499 928 2527 2,
940 2490 974 2529 6,
992 2499 1002 2522 ι
1017 2500 1065 2527 1.,
1094 2488 1239 2522 valeant
1257 2484 1303 2521 de
1321 2483 1472 2520 vasculis
1492 2494 1530 2519 et
1541 2481 1650 2524 fiscis,

123 2553 162 2578 at
184 2540 246 2576 hic
269 2551 372 2579 non,
403 2548 446 2574 ut
470 2536 542 2579 ibi,
580 2536 712 2584 privati
734 2535 921 2577 hominis,
955 2536 1015 2572 sed
1039 2536 1171 2582 populi
1191 2547 1231 2570 ac
1254 2534 1416 2571 civitatis
1437 2534 1577 2573 totius,
1605 2542 1650 2569 ut

113 2590 233 2628 etiam
255 2587 513 2634 imperatoris,
539 2586 587 2621 ob
612 2585 714 2633 sqq-3
742 2584 780 2620 in
802 2598 836 2621 v.
859 2590 916 2630 ἐχ.
933 2585 1098 2622 severum
1123 2584 1236 2619 dante
1249 2583 1355 2624 Sch.‚
1381 2584 1439 2619 sed
1464 2586 1523 2631 b'g.
1545 2593 1648 2617 com·

122 2638 221 2688 pos„
258 2650 334 2685 quo
356 2635 504 2684 phyfico
527 2636 632 2674 sensu
653 2647 735 2670 non
760 2646 894 2671 tenent
913 2635 953 2670 L.
975 2636 1063 2672 Ern.
1084 2644 1122 2670 et
1139 2635 1217 2679 Stp.
1241 2633 1314 2668 Th.
1332 2657 1344 2674 ,
1378 2631 1545 2667 variante
1567 2631 1649 2666 No·

119 2688 193 2726 stro
215 2699 300 2733 curn
321 2699 355 2728 2,
375 2691 411 2728 6,
436 2698 488 2732 ¹9·
508 2697 540 2721 e.
568 2683 606 2721 in
628 2682 658 2721 ὅ.
678 2691 764 2727 μῆν,
797 2684 860 2720 ubi
882 2687 945 2731 ssg.
965 2683 1138 2725 liberior,
1165 2693 1208 2720 ut
1223 2682 1309 2719 Sch.
1330 2680 1462 2728 partim
1489 2691 1648 2727 „neque

121 2748 264 2780 samen,
292 2746 420 2784 neque
436 2735 577 2773 etiamn
601 2733 653 2770 cf.
676 2734 700 2769 l.
720 2734 768 2776 l..
807 2745 971 2782 quocum
996 2732 1071 2770 sine
1091 2733 1153 2771 Vs.
1185 2731 1420 2780 comparabat
1445 2730 1557 2768 etiam
1583 2729 1648 2782 Sb.

1702 2243 1705 2247 “
1704 2102 1716 2195 ›en->fi
1707 1902 1718 2093 mesa—W
1711 1809 1720 1901 ..x-w-.

1702 2198 1714 2338 ἕ
