1722 3086
140 152 235 199 290
303 134 472 180 LIBER
490 132 544 177 11.
573 129 780 177 CARIX.
821 130 872 174 Α.
894 130 948 175 V.
973 128 1020 175 C.
1045 132 1154 188 946.
1184 128 1323 174 CHR.
1345 129 1410 175 N.
1444 141 1552 189 193.

144 278 199 306 αν
230 249 278 305 δὲ
311 252 387 303 καὶ
424 247 711 320 χξης-ότητα,
774 244 896 313 μετοὶ
938 267 989 298 ro
1024 260 1068 297 et
1102 248 1340 297 bonitatem
1377 266 1479 297 cum
1519 247 1661 298 sobria

142 330 369 400 σώφςονος
397 349 474 377 και
508 327 718 379 ἐπιεικοῦς
760 323 881 392 ἐξσυ-
1261 370 1269 378 ,
1377 369 1387 378 ·
1538 370 1545 378 ⁸
1658 340 1679 354 -,

146 412 276 470 σίας,
325 411 414 459 τοῖς
461 401 718 472 οἰςχομένοις
755 398 890 468 Woegs‘-
926 381 969 416 et
1002 366 1193 416 modesta
1242 368 1415 415 licentia
1436 365 1659 428 „subieffls
1688 365 1692 444 l

144 505 299 547 σχετο.
359 480 460 530 ὅθεν
475 481 611 528 αὐτοῦ
630 476 704 535 τὴν
721 475 883 546 μνήμην
929 490 1008 533 13.
1054 476 1276 543 praestitit.
1374 475 1510 536 Unde
1564 477 1689 523 eius*

144 563 364 628 τιμῶντες,
395 557 568 612 ἐπὶτσῖς
584 553 715 609 οὕτως
730 548 885 618 &new
926 557 1188 603 memoriam
1231 552 1426 600 colentes
1469 553 1526 600 ob
1568 562 1661 599 tam
1714 572 1720 602 ι

236 692 272 731 d)
298 693 364 725 MS.
383 689 440 721 Ba.
467 688 555 725 ὠμοῖς
576 695 610 717 ν.
629 684 676 719 Ν.

144 804 261 847 3039„
296 805 335 833 et
361 792 469 830 aliam
501 802 626 838 praep.
653 788 734 836 syn.
753 785 948 827 adhibuit,
990 784 1243 834 pertinentem
1271 781 1330 818 vel
1360 781 1405 818 ad
1429 780 1537 819 subst.
1557 784 1662 827 ἄνδρ.,

144 852 205 888 vel
225 848 268 884 ad
288 860 321 882 v.
337 870 348 887 ,
379 841 481 892 qnod
503 851 539 877 et
559 840 760 876 dicendum
792 840 836 874 de
865 844 977 872 altera
1005 836 1064 870 hic
1083 849 1166 880 rga,
1199 831 1247 868 cf.
1272 830 1367 868 Phil.
1388 830 1426 867 in
1448 831 1501 867 ΕΙ.
1521 843 1556 879 p.
1576 842 1664 875 7⁵0⁶

147 903 188 939 Β,
212 914 259 934 m.
279 907 317 933 et
337 895 436 942 p.1'q.
453 895 569 946 Eum„
605 891 671 925 hac
691 890 729 925 in
751 901 851 936 parte
876 885 1094 934 respiciente
1116 883 1252 920 Nostro
1275 881 1319 916 ad
1341 893 1393 928 pr.
1414 891 1584 926 ςρκτηγ..
1617 890 1662 916 ut

149 952 194 989 ad
213 949 314 994 ἧγεμ.
338 945 384 980 ib.
408 943 446 979 in
459 944 535 996 qu.
551 964 561 981 ,
587 940 649 976 ubi
669 941 731 988 Bg.
752 936 895 977 melius,
921 948 1031 983 quam
1047 935 1106 974 P..
1140 933 1178 969 in
1197 930 1358 968 notione
1374 933 1420 976 ἐξ.
1435 953 1446 971 ,
1473 929 1667 977 ρτινΙίὸειι

150 1011 228 1039 tate
247 993 402 1045 agendi,
430 1004 490 1028 cul
504 990 657 1031 Noster,
687 987 859 1036 peculiari
881 985 982 1021 forre
1002 983 1146 1020 ratione
1167 992 1205 1018 et
1223 982 1332 1016 eLat.
1347 1005 1357 1022 ,
1382 979 1485 1016 dedit
1497 978 1666 1027 epitheta

149 1050 214 1089 illa
236 1048 336 1087 duo,
375 1054 454 1079 non
485 1039 636 1075 aliunde
659 1038 831 1085 cognita,
871 1047 938 1071 nec
968 1036 1044 1080 Stp.
1067 1033 1165 1074 Th„
1195 1030 1257 1079 qui
1279 1030 1319 1066 in
1338 1032 1453 1066 ν.«εΰν.
1477 1041 1510 1066 e.
1539 1027 1666 1064 laudat

151 1111 236 1137 cum
254 1109 288 1132 v.
306 1106 435 1139 παρεχ.
455 1104 475 1127 e
496 1091 606 1131 Luc..
643 1088 737 1134 (Ind.
758 1085 934 1129 tacente,)
953 1083 1013 1121 sed
1033 1082 1069 1118 in
1091 1093 1125 1117 v.
1145 1097 1183 1118 or.
1204 1078 1282 1125 (ubi
1302 1081 1362 1128 Eg.
1385 1091 1405 1114 e
1424 1078 1480 1124 P.)
1503 1090 1534 1119 ι,
1559 1087 1684 1124 1349,-

152 1149 223 1187 ult.
253 1161 316 1187 „2-
336 1147 399 1180 εὕν.
421 1141 572 1178 Herodi.
586 1165 596 1181 ,
629 1137 717 1174 sicut
739 1146 776 1172 et
795 1136 876 1172 Lat.
900 1134 952 1170 dr.
971 1132 1135 1169 exhibere
1156 1128 1488 1167 benevolentiam«
1513 1125 1668 1163 infinite

152 1212 175 1236 e
195 1195 328 1235 Nostro
348 1194 523 1235 soloque,
557 1187 606 1224 cf.
625 1198 750 1224 tamen
770 1186 847 1222 lnd.
868 1186 999 1224 Dem.‚
1035 1194 1145 1229 quam
1165 1178 1414 1216 imitationem
1434 1176 1568 1213 Noster
1595 1175 1674 1212 ite->

153 1260 236 1286 rum
260 1243 352 1292 regit
376 1239 550 1278 addendo
578 1238 680 1275 subst.
711 1236 829 1272 altero
856 1249 941 1280 χρη
975 1231 1115 1268 varians
1135 1242 1219 1266 cum
1244 1241 1277 1270 2,
1298 1241 1334 1274 4,
1359 1240 1412 1263 ιι.
1437 1243 1471 1262 τ.
1492 1225 1591 1269 {arnn-
1621 1225 1665 1261 in

153 1302 227 1339 τοῖς
249 1301 333 1341 bez.
347 1318 355 1333 ‚
388 1290 467 1339 (qui
485 1290 555 1326 h.l.
577 1287 623 1324 de
645 1285 804 1335 praeside
824 1282 1037 1332 provinciae
1058 1280 1150 1317 adeo
1170 1277 1422 1325 adhibentur.)
1435 1286 1475 1313 ct
1485 1274 1668 1324 quodam·

195 1347 269 1382 mio
289 1355 374 1379 cum
402 1354 411 1376 ι
454 1353 470 1375 2
533 1364 542 1374 .

152 1350 536 1450 ωχςηςέτηηχίιῖἀῖ
564 1384 685 1421 dietus
712 1383 762 1420 est
782 1381 953 1419 Pertinax
981 1386 1204 1426 zemma·
1252 1377 1340 1413 Erat
1370 1374 1498 1416 enim.
1531 1359 1587 1412 uti
1614 1361 1671 1410 ,ιε’
1711 1384 1713 1393 0

152 1445 246 1486 Dio,
275 1446 536 1487 εὖπρεσῆγοςος.
569 1438 685 1472 Oxou.

252 1493 358 1528 Istius
376 1496 612 1537 cognominis
632 1484 698 1520 alia
721 1480 820 1517 causa
843 1491 880 1517 et
902 1476 1101 1526 explicatio
1120 1475 1171 1514 est
1194 1488 1252 1524 ap.
1271 1474 1389 1522 Spart.
1410 1484 1441 1508 c.
1456 1481 1510 1520 13.
1528 1480 1563 1519 p.
1585 1472 1666 1515 566.

154 1560 186 1585 e,
201 1570 211 1587 ‚
243 1543 305 1579 ubi
330 1553 363 1576 v.
383 1540 456 1580 N.‚
486 1537 526 1574 it.
550 1533 647 1570 Vi&
673 1545 732 1579 ep.
751 1540 807 1571 18,
827 1542 858 1572 7.
880 1541 917 1565 et
937 1527 1085 1564 Schotti
1111 1527 1175 1562 lib.
1197 1538 1229 1572 p.
1257 1536 1310 1567 17.
1330 1535 1377 1558 m.
1395 1520 1430 1568 §.
1451 1531 1484 1568 3.
1509 1534 1563 1561 e..
1599 1530 1671 1554 nec
1708 1548 1710 1553 .

154 1598 192 1634 h.
216 1594 239 1630 l.
261 1603 323 1638 x?-
339 1599 487 1626 tantum
509 1585 555 1621 de
574 1582 697 1620 verbis
721 1578 862 1617 blandis
881 1590 920 1616 et
936 1577 1084 1614 lenibus
1102 1574 1308 1623 accipietur
1322 1596 1333 1614 ,
1361 1570 1423 1608 sed
1443 1580 1482 1607 et
1499 1569 1548 1606 de
1564 1567 1670 1606 fastis

153 1642 355 1691 benignis,
390 1637 437 1674 cf.
460 1636 565 1683 supra
589 1645 620 1674 1,
640 1645 676 1674 4,
700 1642 756 1667 11.

203 1692 278 1732 αὖτ.
299 1707 332 1727 τ.
351 1704 403 1733 μν.
421 1689 507 1730 ma.)
537 1686 599 1731 ssg.
622 1694 642 1716 e
662 1683 723 1721 P..
751 1679 840 1715 dum
858 1675 1058 1714 formulam
1076 1674 1156 1711 Lae.
1181 1670 1256 1709 fert
1276 1671 1323 1709 G.
1342 1668 1416 1706 Th.
1436 1667 1512 1705 line
1528 1667 1612 1715 Grr.
1631 1672 1671 1702 et
1707 1695 1709 1700 Α

156 1743 314 1790 explic„
349 1749 416 1785 pro
438 1731 642 1772 meminisse
666 1730 745 1766 eius
769 1729 990 1776 frequenter
1014 1737 1094 1761 tum
1114 1722 1264 1763 animo,
1300 1731 1379 1757 tum
1403 1730 1490 1758 ore,
1523 1727 1564 1755 et
1583 1727 1670 1753 cum

156 1794 355 1838 voluptate
374 1798 410 1823 et
431 1796 516 1821 cum
536 1780 768 1830 cogitatione
787 1776 936 1814 virtutis
960 1775 1059 1812 istius
1079 1773 1224 1811 omnis;
1250 1769 1415 1806 variante
1428 1765 1565 1805 Nostro
1581 1773 1670 1802 cum

157 1845 192 1895 ᾗ,
217 1855 268 1890 pr.
289 1853 428 1884 μεμνημ.
449 1847 483 1869 ν.
504 1832 610 1881 privo
631 1842 694 1876 per
716 1827 879 1875 phmfiu,
914 1837 985 1872 qua
1004 1825 1051 1860 de
1070 1822 1166 1858 nihil
1186 1824 1267 1868 Stp.
1289 1819 1364 1855 Th.
1385 1828 1424 1854 et
1443 1816 1569 1857 1ndd..
1603 1813 1670 1851 ubi

159 1891 276 1932 modo
295 1890 335 1924 R.
353 1888 417 1922 Or.
430 1886 477 1920 V.
491 1896 527 1927 4.
546 1884 583 1918 οὐ
595 1883 664 1926 ’γὰρ
675 1876 777 1925 ᾤοντο
788 1882 817 1915 ἐν
828 1881 898 1918 τοῖς
911 1873 1269 1921 γράμμασιτιμᾶσθοιᾼ
1283 1872 1358 1909 δεῖν,
1375 1866 1492 1905 ἄλλ’ἔν
1505 1868 1551 1913 τῇ
1560 1861 1670 1911 μνήμη
1705 1883 1709 1903 ι

158 1951 225 1982 τῶν
243 1934 281 1977 εὖ
299 1931 535 1974 πεπονθότων,
571 1942 611 1966 ut
633 1929 778 1964 duxerit
796 1927 892 1963 forte
913 1938 932 1960 e
955 1924 1057 1963 Lat..
1092 1933 1250 1969 quorum
1276 1919 1380 1954 lndd.
1410 1915 1523 1952 etiam
1549 1913 1672 1955 ment,
1705 1925 1710 1951 t

160 2000 305 2042 praeter
327 1986 406 2023 Liv,
426 1985 510 2019 Ern.
535 1977 788 2021 „beneficium
808 1977 944 2016 colere,
969 1975 993 2010 i.
1015 1986 1046 2010 e.
1065 1970 1193 2009 tueri“
1217 1978 1256 2005 et
1268 1969 1367 2004 (slav.
1388 1965 1464 2003 Cic.
1483 1976 1672 2002 v.mem.e.
1705 1974 1712 2001 ο

160 2042 231 2086 „in
253 2035 417 2085 Caesaris
437 2030 615 2068 memoria
635 2028 798 2076 diligens,
825 2024 896 2061 icil.
914 2019 1176 2061 conservanda,
1207 2015 1454 2056 honoranda“
1479 2013 1673 2063 quodcon-
1705 2022 1713 2051 t

151 2092 305 2143 servare
332 2083 535 2121 memoriam
567 2076 693 2115 redeat
728 2078 770 2113 ad
799 2086 886 2111 ante
915 2073 1029 2114 dista,
1072 2081 1139 2119 pro
1175 2066 1446 2118 cogitationem
1476 2064 1524 2101 de
1551 2062 1672 2100 altero
1704 2063 1715 2103 l

160 2143 315 2181 servare.
1706 2107 1709 2113 ’

209 2195 262 2228 ἐπὶ
281 2188 351 2225 τοῖς
371 2182 420 2227 1⁴..)
448 2180 520 2216 Ms.
541 2176 614 2213 adi.
635 2176 733 2221 ὠμοῖς
754 2172 881 2222 potius
902 2170 1018 2208 fuerit
1033 2181 1051 2205 a
1075 2166 1176 2216 lapsu
1194 2167 1235 2205 in
1251 2165 1387 2204 litteris
1404 2179 1432 2201 οι
1449 2173 1536 2203 ειη,
1560 2173 1675 2210 quam
1703 2164 1718 2209 ’φ

160 2242 206 2279 ab
226 2234 379 2286 ingenio
397 2228 533 2267 librarii
546 2254 558 2270 ,
584 2224 783 2275 cogitantis
801 2234 944 2259 comma
966 2220 1043 2267 post
1061 2219 1160 2264 ω’μοῖς
1179 2228 1219 2254 et
1238 2229 1400 2261 esrom„
1437 2215 1478 2250 ob
1497 2224 1571 2249 tam
1591 2223 1677 2248 cru·
1703 2216 1717 2261 p

120 2301 122 2303 ’
163 2290 272 2329 delia,
300 2293 426 2320 contra
447 2292 522 2316 eum
540 2275 642 2317 ausa,
668 2274 972 2322 indignabantur,
1000 2269 1075 2305 scil.
1093 2274 1274 2314 πράγμασι
1293 2267 1317 2302 s.
1338 2259 1546 2310 ἆσεβιῖμασι,
1573 2259 1674 2308 quast

162 2337 302 2376 variare
322 2329 484 2368 voluerit
504 2338 569 2375 pro
592 2325 666 2361 illis
690 2336 725 2364 2,
745 2328 780 2364 6,
800 2334 856 2358 22.
871 2321 916 2361 i.,
944 2330 1040 2366 quae
1061 2318 1202 2364 repetit
1219 2314 1353 2353 Noster
1382 2314 1463 2354 hic,
1499 2308 1674 2347 addendo

163 2397 311 2427 tantum
331 2400 362 2420 κ.
382 2385 417 2417 ἃ.
430 2404 442 2420 .
475 2384 651 2413 manente
671 2372 711 2408 in
740 2371 873 2408 iisdem
893 2372 954 2417 ssg.
969 2392 979 2409 ,
1013 2367 1075 2404 sed
1094 2365 1177 2405 Sch.
1194 2365 1235 2402 in
1254 2367 1292 2401 Ρ.
1313 2377 1348 2399 v.
1368 2376 1403 2400 τ.
1432 2370 1605 2402 „tantam
1631 2357 1674 2396 in

162 2437 259 2476 illum
288 2433 425 2469 editam
455 2426 730 2464 crudelitatem<t
759 2433 853 2470 quae
880 2418 1041 2466 prodant
1066 2415 1265 2452 lectionem
1284 2415 1377 2454 Me„
1413 2422 1548 2448 neutro
1578 2408 1673 2456 plur.
1703 2407 1712 2447 ἰ

163 2499 233 2535 pro
253 2484 342 2531 sing.
363 2479 484 2516 sumto
505 2486 544 2512 et
562 2486 627 2522 pro
652 2470 779 2511 subst.‚
814 2469 877 2506 nili
902 2469 1016 2504 libere
1035 2466 1096 2503 ille
1114 2465 1257 2514 egerit,
1292 2473 1334 2500 ut
1352 2463 1391 2499 in
1409 2460 1489 2496 adv.
1507 2455 1578 2496 οὔτ.
1609 2469 1676 2505 per
1704 2452 1708 2502 ξ

161 2538 244 2586 syn.
269 2543 378 2582 pron.
406 2529 556 2566 τοιοῦτος
581 2532 701 2571 patet;
739 2518 961 2567 respiciente
985 2518 1058 2554 huc
1086 2516 1165 2561 Stp.
1187 2515 1258 2549 Th.
1284 2513 1322 2549 in
1344 2525 1377 2548 v.
1393 2528 1426 2548 τ.
1450 2519 1484 2556 3,
1506 2517 1610 2553 1585.
1630 2507 1675 2543 C.

155 2587 240 2624 {ine
261 2586 324 2619 Vs.
344 2590 383 2615 et
402 2590 466 2624 per
487 2574 569 2611 lest.
582 2572 713 2611 aliam,
741 2575 768 2607 ἐ.
787 2586 820 2606 τ.
841 2567 910 2604 adr.
931 2583 1001 2608 πως
1020 2565 1142 2602 κκτή
1161 2562 1239 2608 siqu,
1266 2574 1336 2599 nec
1349 2561 1500 2598 aliunde
1518 2564 1675 2595 tenente

163 2647 248 2673 cum
269 2641 391 2680 praep.
409 2644 464 2667 κ.,
492 2635 560 2661 nec
581 2621 687 2660 Indd.
702 2645 713 2661 ,
743 2630 786 2655 ut
808 2618 910 2654 sorte
933 2618 1007 2651 Lat.
1029 2613 1119 2662 quid
1142 2613 1201 2648 hic
1223 2611 1354 2654 sublit,
1384 2610 1434 2646 cf.
1445 2609 1491 2645 G.
1502 2607 1576 2643 Th.
1591 2609 1674 2650 52⁶·

163 2697 200 2729 7.
222 2684 296 2720 vim
317 2675 573 2717 cultoribus—
589 2673 627 2708 in
647 2680 868 2706 mercatores
885 2667 1083 2705 audebam,
1109 2663 1172 2698 ubi
1194 2673 1321 2698 contra
1335 2661 1371 2696 in
1387 2662 1447 2707 ssg.
1460 2657 1553 2706 seg-V.
1570 2659 1674 2700 (cum

163 2734 230 2771 Gr.
252 2734 305 2777 n.)
326 2739 404 2765 non
423 2724 473 2760 est
493 2735 578 2759 cum
599 2722 658 2762 ob,
685 2718 747 2756 sed
765 2729 849 2754 cum
868 2718 930 2757 de,
965 2711 1138 2750 viciniori
1158 2724 1223 2759 per
1241 2710 1359 2746 casum
1380 2712 1424 2746 ad
1442 2709 1507 2744 Gr.
1521 2730 1532 2747 .
1568 2704 1616 2740 cf.
1636 2716 1673 2738 v.

163 2789 223 2829 ὅγ.
243 2793 328 2818 cum
349 2790 404 2827 pr.
425 2779 480 2812 ἰπὶ
499 2773 558 2809 Fa.
577 2770 659 2809 Aes.
683 2769 740 2806 Rs.
760 2769 826 2804 Or.
850 2766 896 2802 V.
909 2769 942 2802 6.
964 2764 1043 2810 (ubi
1069 2773 1106 2798 et
1125 2773 1207 2798 curn
1229 2773 1279 2808 pr.
1293 2764 1397 2800 κατὰ,
1425 2758 1485 2793 vel
1498 2765 1582 2792 cum
1596 2753 1673 2790 dat.

1710 945 1722 1067 α-εκ-
1711 805 1715 877 --
