1722 3086
126 114 258 159 1004
321 99 493 146 LIBER
514 97 592 146 IV.
620 96 748 147 CAP.
768 100 862 147 XIl.
892 96 947 147 A.
965 102 1022 149 Vss
1039 97 1223 164 C.'97o.
1244 103 1387 153 CHR.
1405 105 1607 168 Narr-

122 217 206 287 μόν
227 218 306 269 καὶ
327 216 378 268 τὸ
401 216 579 286 φονικὸν
614 219 690 270 ἐπὶ
713 215 897 274 τοιοῒςδε
933 227 1072 273 animi
1110 226 1402 290 sanguinarii,
1441 241 1574 297 atque
1607 231 1676 282 ob

121 293 393 365 γξαῖμμασι,
414 301 494 347 καὶ
513 292 747 367 πξόφασιν
768 298 894 362 αὐτῷ
930 303 1037 350 tales
1065 303 1217 352 literas
1243 306 1416 356 causam
1438 310 1480 356 ei
1497 308 1670 375 proba-

120 372 310 438 εὔλεγον
341 371 675 443 ὑποίξξουσαυ,
710 371 785 429 τήν
815 374 891 439 μὲν
927 379 1064 428 bilem
1097 380 1251 430 datum
1290 385 1371 437 iri;
1418 380 1536 432 illam
1568 387 1669 452 epi·

119 450 330 508 ἐπιςολῆν
361 450 625 521 ὁφαιςεῖται
645 451 681 514 s,
713 450 814 522 πεςὶ
840 445 890 501 δὲ
925 454 1082 505 stolam
1114 458 1353 519 subtrahit,
1395 460 1452 510 de
1482 463 1666 516 caeteris

114 643 147 678 Δ
199 595 248 675 ¹s)
273 599 342 677 MR:
360 597 418 632 Ba.
435 599 624 642 ζφκιμῒηι·
645 601 714 643 περ)
737 604 771 631 λ.
790 598 886 643 quod
900 597 1003 631 colon
1024 598 1128 633 etiam
1145 598 1182 632 in
1200 600 1255 636 ed.
1274 602 1367 642 Ox.⁸
1386 611 1427 637 ut
1444 602 1608 647 punctum
1622 601 1663 641 in

150 665 161 677 .
178 652 197 677 a
215 665 225 678 .
251 653 289 677 ν.
344 667 354 675 .

164 762 262 807 εἶδός
282 764 353 813 τε)
378 764 470 802 Mss.
489 763 568 802 duo
585 763 831 803 consentiunt
851 763 975 813 primo
998 765 1040 803 in
1059 764 1192 804 addito
1213 763 1291 810 καὶ,
1321 765 1385 806 sed
1406 764 1573 804 diversae
1588 776 1662 804 no·

113 812 249 858 tionis,
272 816 334 851 Ba.
356 814 513 863 quidem
531 825 620 853 anre
636 814 745 852 subst.
763 825 803 851 et
826 815 926 853 aliud
949 817 1017 859 καὶ,
1037 828 1106 865 pro
1125 829 1227 854 mera
1247 819 1382 865 copula
1401 817 1518 859 forte,
1545 813 1596 852 cf.
1619 825 1658 863 3,

111 867 152 907 6,
175 877 235 902 22.
252 863 317 902 sed
338 866 410 903 Ve.
432 865 632 903 neceffario
653 878 722 913 pro
741 866 875 908 etiam,
902 865 1106 914 respiciens
1124 864 1293 904 {imiliter
1312 867 1437 906 iunfia
1459 872 1500 906 τὲ
1522 865 1579 911 xo.)
1599 864 1660 904 su·

110 926 190 963 pra,
215 913 264 952 cf.
285 928 322 961 4,
339 929 379 961 9,
401 927 458 961 ις.
508 916 615 953 Tum
636 914 750 952 iidem
771 916 865 952 Mss.
887 917 1129 955 conveniunt
1149 916 1191 954 in
1214 916 1352 955 ordine
1370 916 1656 959 vocabulorum.

111 975 180 1013 per
198 964 276 1002 vim
299 965 442 1004 illatam
462 965 703 1008 hauddubie,
731 964 770 1002 id
791 978 867 1013 que
887 966 1110 1014 dupliciter,
1138 977 1223 1004 tum
1243 967 1284 1004 in
1307 981 1384 1004 acc.
1403 967 1575 1009 duobus,
1599 965 1652 1003 cf.

111 1024 148 1062 3,
170 1022 205 1057 8.
225 1026 261 1061 9.
285 1026 341 1059 e.,
367 1026 451 1054 tum
472 1015 515 1053 in
534 1015 641 1054 subst.
666 1014 1056 1065 duorumregimine,
1084 1016 1191 1066 quod
1211 1016 1318 1066 saepe
1344 1028 1516 1061 tentant,
1541 1015 1592 1054 cf.
1613 1028 1656 1064 4..

111 1067 150 1106 6.
169 1075 204 1109 7.
231 1064 296 1103 sed
315 1065 380 1104 hic
403 1078 484 1103 non
505 1067 551 1104 ad
571 1066 788 1104 laevitatem
819 1064 1013 1103 maiorem.
1066 1067 1247 1116 Denique
1268 1067 1426 1106 discedit
1445 1068 1516 1105 Ms.
1538 1066 1611 1104 Ve.
1631 1077 1653 1104 a

108 1115 172 1151 Ba.
190 1113 232 1152 in
250 1115 347 1159 hoc,
371 1115 476 1165 quod
495 1116 666 1154 librarius
685 1114 809 1153 sumfit
835 1115 1014 1155 hendiad.
1033 1116 1075 1154 in
1096 1117 1222 1160 subst..
1248 1116 1374 1156 forsan
1392 1131 1415 1155 e
1444 1127 1478 1166 3,
1498 1129 1536 1162 7,
1555 1119 1590 1153 6.
1615 1128 1661 1154 e„

31 1182 33 1186 ·
105 1166 208 1212 θυμῷ
227 1169 372 1213 φονικῷ,
400 1179 496 1213 quae
514 1165 627 1217 gloffa
650 1178 672 1203 e
699 1178 813 1216 marg.
835 1166 876 1203 in
901 1177 1046 1205 textum
1068 1167 1237 1211 venerit;
1265 1167 1357 1206 dum
1383 1167 1503 1205 servat
1520 1165 1652 1204 [efflo-

106 1225 198 1252 nem
218 1217 321 1267 vulg.
340 1229 430 1254 cum
453 1217 528 1255 Ms.
551 1217 614 1254 Vi.
632 1228 788 1265 quoque
817 1217 856 1253 Ρ.
878 1216 939 1253 sed
965 1217 1098 1255 Noster
1122 1217 1161 1254 in
1181 1223 1222 1256 τὸ
1243 1229 1317 1267 φον.
1340 1230 1427 1256 cum
1444 1228 1532 1268 gen.
1556 1214 1652 1267 pers.

105 1263 277 1314 sequitur
294 1268 379 1305 Ael.
400 1267 446 1304 V.
465 1267 502 1304 h.
517 1292 528 1309 ‚
551 1265 618 1314 (cf.
642 1266 724 1305 lnd.
746 1276 786 1304 et
801 1271 847 1304 τὰ
866 1278 904 1314 φ.
925 1267 1001 1304 alio
1022 1266 1129 1306 sensu
1144 1267 1185 1305 Is.
1208 1269 1298 1305 Pan.
1323 1269 1422 1307 Mor.
1440 1267 1544 1316 quod
1564 1266 1650 1304 add.

105 1315 271 1364 Stp.Th.
289 1329 330 1355 et
349 1317 390 1354 in
409 1316 560 1366 ellipfin
579 1315 686 1354 subst.
709 1313 794 1359 ἦθος
817 1319 856 1354 L.
870 1320 956 1353 b'os.
979 1330 1012 1363 p.
1032 1327 1111 1364 132.
1132 1317 1158 1354 i.
1181 1329 1256 1365 quo
1278 1329 1319 1355 et
1338 1321 1402 1368 Bg.
1425 1315 1647 1366 respexerit)

104 1366 290 1422 peculiari
317 1366 468 1404 ratione
488 1366 583 1403 dans
603 1366 674 1404 suis
696 1366 802 1403 subst.
824 1365 1143 1415 praepositionem
1162 1371 1216 1406 ἐπὶ
1229 1393 1239 1410 ,
1265 1380 1332 1415 per
1352 1369 1497 1417 analog.
1518 1377 1650 1405 tamen

104 1416 231 1458 ullam.
259 1417 366 1465 quod
391 1416 498 1455 subst.
528 1417 670 1454 habent
698 1416 906 1454 restionem
936 1428 975 1454 et
1004 1429 1131 1466 praep.
1158 1416 1309 1454 suorum
1339 1417 1564 1458 verborum,
1587 1427 1648 1458 ut.

100 1475 321 1553 auanquam
343 1466 464 1516 ipsum
486 1467 612 1504 thema
640 1469 842 1511 θυμοῦσθαι
869 1478 950 1503 non
971 1465 1021 1503 fic
1049 1466 1197 1516 reperi,
1226 1479 1352 1504 tamen
1372 1467 1570 1516 usurpatur
1591 1466 1648 1503 af-

131 1528 182 1553 ne
199 1520 409 1563 ἀγανακτεῖν
439 1528 523 1554 cum
544 1522 623 1559 ἐπὶ,
650 1516 690 1553 it.
713 1528 799 1553 cum
828 1517 910 1565 syn.
942 1519 1018 1558 διὰ.
1045 1525 1143 1563 περὶ.
1168 1515 1275 1564 ὑπὲρ.
1303 1517 1351 1554 cf.
1375 1518 1455 1566 Stp,
1477 1517 1553 1553 Th.
1577 1514 1647 1564 qui

106 1576 143 1606 ι,
165 1575 271 1613 ις9ς.
289 1569 331 1604 Β.
351 1580 384 1603 e.
402 1565 494 1604 hinc
513 1567 590 1611 fine
610 1568 676 1603 vs.
698 1566 780 1614 post
801 1566 893 1602 haec
911 1565 1409 1615 „Herodianusimproprie
1429 1565 1522 1604 mihi
1541 1565 1647 1603 vide·

103 1626 167 1655 tur
185 1616 273 1654 usus
293 1616 364 1654 ess'e
384 1617 460 1654 hoc
487 1617 648 1654 nomine
661 1642 672 1659 ‚
700 1628 817 1665 quum
846 1617 957 1662 θυμὸν
973 1628 1056 1653 non
1077 1629 1145 1664 pro
1169 1617 1478 1654 excandescentia
1497 1626 1563 1653 aut
1578 1615 1646 1659 ira.

102 1666 168 1704 sed
187 1679 258 1716 pro
278 1666 470 1704 iracundia
495 1666 522 1706 s.
545 1666 725 1704 iracunda
746 1678 876 1704 mente
902 1667 1029 1704 dixit«
1053 1678 1149 1715 quae
1169 1677 1296 1704 tamen
1313 1666 1435 1705 affinia
1456 1666 1565 1709 sunt,
1589 1664 1644 1703 cf.

107 1729 141 1761 ι,
166 1729 224 1759 10,
249 1727 284 1763 ς.
314 1729 349 1761 1,
375 1730 434 1762 17,
457 1728 515 1762 14.
562 1717 638 1754 Sed
670 1718 736 1766 Bg.
758 1728 841 1753 tum
867 1717 908 1753 in
936 1717 1011 1753 hoc
1035 1716 1143 1753 subst.
1167 1729 1273 1754 more
1299 1716 1365 1754 suo
1385 1715 1533 1760 reddit,
1561 1726 1646 1755 tum

101 1766 229 1805 omissa
248 1779 269 1804 a
291 1767 333 1804 P.
351 1772 407 1808 ἐπὶ
429 1785 462 1806 τ.
481 1783 539 1816 γρ.
558 1766 712 1815 (variata
739 1780 808 1815 pro
829 1781 866 1813 4,
887 1779 946 1810 ιο,
971 1779 1026 1803 11.
1059 1763 1224 1808 τοιούτοις
1250 1769 1404 1813 wama.)
1429 1765 1644 1809 restituens,

100 1828 229 1855 tamen
247 1816 366 1856 refert
392 1817 438 1855 ad
466 1819 518 1864 sq.
548 1817 782 1860 membrum,
805 1828 995 1854 commate
1014 1815 1111 1854 fasto
1142 1816 1223 1864 post
1251 1828 1326 1863 φον.
1340 1841 1351 1859 ‚
1374 1814 1514 1854 deinde
1533 1828 1643 1862 prae·

99 1867 200 1905 miffa
225 1869 382 1916 copula,
409 1866 509 1917 quali
532 1866 804 1915 transposuerit
829 1866 904 1909 καὶ,
931 1866 1023 1904 dum
1055 1880 1078 1905 e
1097 1868 1198 1916 vulg.
1226 1877 1335 1903 textu
1363 1867 1518 1904 verbum
1544 1864 1642 1909 εἱδῶς

96 1916 214 1955 habet
231 1916 441 1956 refflonem
460 1918 591 1966 dupl.,
616 1918 741 1966 primo
761 1930 836 1954 acc.
859 1916 940 1959 rei,
966 1916 1016 1954 cf.
1040 1927 1074 1964 3,
1099 1926 1135 1958 8,
1157 1928 1190 1964 3.
1223 1926 1255 1963 3,
1282 1929 1341 1959 11,
1366 1928 1422 1962 17.
1449 1926 1534 1954 tum
1559 1927 1638 1952 acc.

95 1967 271 2018 particip.
289 1981 360 2017 pro
378 1967 474 2011 inf„
501 1968 587 2010 ubi,
615 1967 791 2015 suppleto
814 1966 859 2003 ad
879 1977 986 2014 προφ.
1008 1980 1118 2016 pron.
1136 1972 1284 2010 τούτου,
1307 1966 1383 2003 scil.
1401 1967 1464 2004 τοῦ
1487 1970 1640 2014 φονεύειν

94 2017 124 2056 s·
143 2024 270 2064 Φόνου,
295 2018 440 2056 latente
460 2018 501 2055 in
522 2030 574 2066 pr.
591 2022 633 2055 τὸ
657 2027 753 2064 (pom,
781 2028 848 2054 aut
865 2023 1018 2060 τούτων,
1044 2016 1121 2054 scil.
1141 2018 1204 2055 τοῦ
1226 2018 1338 2062 θυμοῦ
1356 2015 1411 2060 καὶ
1437 2018 1499 2055 τοῦ
1521 2022 1640 2062 Φόνου.

93 2068 280 2117 procedet
297 2068 411 2105 lectio
429 2068 554 2118 vulg.‚
580 2079 651 2104 nec
670 2078 768 2113 opus
797 2066 892 2109 erit,
918 2066 1047 2104 deleto
1077 2058 1265 2103 hammam
1295 2065 1373 2114 post
1395 2081 1529 2113 γςαμμ.
1544 2090 1557 2108 ,
1578 2064 1638 2102 lo·

93 2128 181 2155 cato
205 2130 281 2168 que
301 2118 429 2167 potius
447 2131 533 2156 curn
553 2119 616 2168 ssg.
637 2116 718 2164 post
735 2127 832 2163 φον.,
860 2116 1006 2153 sumere
1029 2115 1085 2160 καὶ
1104 2128 1192 2153 ante
1216 2127 1322 2163 προφ.
1342 2128 1413 2164 pro
1432 2117 1566 2158 etiam,
1593 2125 1636 2154 et

92 2167 307 2216 asyndeton
327 2167 518 2218 quoddam
534 2193 546 2210 ‚
571 2165 747 2205 coniefto
770 2167 810 2203 in
834 2166 1000 2204 medium
1026 2166 1094 2203 illo
1118 2165 1198 2209 aad,
1225 2177 1290 2203 aut
1312 2176 1442 2215 putare
1465 2165 1635 2214 elapsum

89 2225 133 2258 τὲ
156 2217 236 2267 post
255 2223 310 2259 ἐπὶ
331 2219 391 2255 vel
407 2221 566 2262 τοιοῖςδε,
593 2218 684 2255 dum
704 2218 768 2265 Bg.
787 2215 875 2254 alibi
894 2229 1050 2265 quoque
1069 2215 1165 2253 istud
1185 2214 1241 2258 κω)
1264 2228 1349 2252 cum
1365 2215 1538 2263 particip.
1558 2227 1633 2263 pro

88 2270 202 2307 etiam
221 2267 414 2306 convertit
435 2267 476 2306 in
495 2280 636 2305 meram
659 2267 859 2314 copulam,
883 2267 936 2303 cf.
959 2279 992 2308 2,
1016 2278 1072 2311 ις,
1094 2278 1128 2308 9.
1150 2264 1214 2303 sed
1234 2266 1274 2301 P.
1298 2278 1365 2314 per
1389 2266 1453 2303 rel.
1472 2265 1632 2302 liberta-

90 2331 171 2356 tem
197 2331 269 2356 nec
288 2318 331 2355 in
352 2319 451 2356 hanc
471 2327 617 2367 partem
636 2315 804 2358 dirimit,
828 2316 931 2353 unde
961 2315 1096 2363 partim
1118 2316 1200 2363 Stp.
1223 2316 1300 2353 Th.
1322 2330 1357 2361 4,
1383 2324 1486 2362 1734.
1510 2316 1556 2351 A.
1576 2327 1630 2355 m,

86 2381 175 2406 cum
193 2369 262 2406 alia
283 2367 365 2406 lest.
379 2384 468 2415 „xg-
486 2374 523 2407 ἆ.
541 2372 569 2406 3.
589 2365 828 2413 ἇπάςχουσαν,
854 2365 1066 2414 speciosum
1083 2373 1294 2413 praetext.“
1312 2364 1473 2403 ubiSch.
1493 2373 1632 2413 „prae-

87 2430 231 2457 aeextum
250 2419 425 2456 futurum
446 2418 482 2456 ei
491 2424 520 2446 «δ
551 2417 642 2454 dum
662 2413 822 2452 variatur
841 2427 927 2453 cum
950 2411 1091 2461 εὔλςγον
1109 2420 1223 2453 αἰτίαν
1243 2426 1277 2461 3,
1300 2428 1333 2459 5,
1354 2420 1389 2453 6.
1409 2414 1457 2451 cf.
1478 2428 1514 2457 2,
1534 2423 1570 2456 8,
1588 2428 1626 2462 4.

138 2485 351 2532 ἑφαιρεῖται)
378 2486 452 2522 Μς.
473 2482 576 2521 aliud
596 2482 736 2519 iterum
753 2480 918 2530 compos.
930 2480 1046 2518 fuerit
1064 2481 1128 2518 hic
1140 2482 1201 2518 vel
1221 2494 1242 2517 e
1260 2481 1410 2519 solenni
1433 2480 1626 2520 vocalium

83 2547 240 2576 errore,
267 2534 317 2572 cf.
342 2547 375 2578 2,
397 2544 455 2582 13,
472 2543 503 2581 3.
531 2533 593 2570 vel
615 2544 636 2568 e
657 2530 791 2581 glossa,
818 2532 908 2568 dum
938 2531 1081 2568 retinet
1108 2543 1193 2568 curn
1213 2532 1306 2568 Mss.
1330 2533 1394 2567 rel.
1417 2543 1438 2567 e
1460 2531 1499 2566 P.
1523 2542 1624 2579 quo-

85 2597 163 2633 que
181 2588 268 2634 Bg..
299 2584 363 2622 ubi
385 2583 523 2622 Noster
545 2581 590 2619 ad
620 2583 765 2629 analog.
791 2594 876 2618 cum
903 2585 981 2625 ἐπ.,
1009 2579 1058 2618 cf.
1083 2581 1188 2619 Suid.
1211 2583 1300 2618 Hes.
1320 2580 1404 2618 lnd.
1426 2580 1516 2617 Luc.
1536 2580 1623 2618 Ael.

81 2635 135 2672 V.
157 2635 194 2672 h.
218 2637 330 2671 Dem.
353 2633 416 2670 cui
434 2632 519 2671 add.
539 2636 617 2678 6¹3,
640 2641 700 2677 23.
719 2633 806 2677 614,
826 2634 859 2665 6.
889 2641 976 2678 735,
1003 2641 1035 2677 3.
1060 2634 1116 2667 16.
1142 2635 1227 2677 736,
1248 2643 1282 2673 9·
1308 2643 1342 2674 7.
1366 2642 1424 2668 2¹.
1453 2639 1540 2673 788,
1563 2643 1623 2668 21.

83 2696 125 2723 et
149 2697 206 2729 19.
229 2683 429 2731 ὖφαιρεΐτει
454 2690 494 2721 τὸ
519 2683 767 2728 γραμματεῖον,
819 2682 862 2717 In
883 2679 935 2727 sq.
959 2681 1044 2716 Sch.
1075 2694 1194 2722 „Mm-
1221 2680 1389 2717 absolute
1422 2692 1490 2727 pro
1512 2680 1622 2719 subst.

81 2735 297 2771 Pontianus
326 2745 457 2770 tamen
477 2733 629 2769 videtur
655 2729 835 2777 accepisse
854 2730 892 2765 in
917 2729 1008 2767 fem.
1028 2741 1070 2766 et
1097 2733 1141 2766 ad
1161 2730 1332 2779 epistolas
1352 2728 1544 2767 retuliss'e“
1571 2730 1622 2767 sc.

80 2789 269 2837 ᾡτιςσλᾰῑι,
295 2783 360 2822 sed
377 2796 451 2834 pro
472 2794 641 2825 neutro,
667 2791 711 2819 ut
732 2788 779 2821 τὸ
806 2784 913 2821 mex&
936 2782 1048 2828 lupra
1075 2779 1301 2830 aliquoties.
1327 2779 1376 2820 sc.
1395 2785 1632 2828 πραγμάτων.
