1722 3086
129 109 233 142 222
279 97 454 144 LIBER
477 98 534 144 11.
576 98 820 145 CARVII.
858 102 914 147 A.
936 101 994 148 V.
1018 99 1213 158 C.946.
1253 104 1613 165 CHR.N.193,
1685 99 1711 147 ι’

122 212 329 279 Ῥωμαῖοι
351 213 638 266 ἐπείθοντοῑ·
682 213 878 267 {aalma
918 224 1039 270 mani
1087 228 1306 290 permoti,
1367 219 1687 295 implorabant:¹

121 289 171 340 τὲ
206 288 345 341 αὑτὸν
378 295 578 356 συνεχῶς
610 299 714 351 ταῖς
745 299 761 318 ”“
802 295 882 344 τοῦ
918 300 1062 366 ipsum
1101 299 1262 349 affidue
1302 305 1349 351 in
1382 306 1543 371 populi
1568 325 1662 356 coe·

117 363 263 436 δήμου
286 365 509 433 συνόδοις,
547 371 627 421 καὶ
651 369 878 435 βλασφη-
917 377 1035 425 tibus
1061 415 1071 434 ‚
1147 391 1280 444 atque
1338 384 1536 431 convicia
1601 366 1680 432 ἵει-1

114 448 298 513 μοῦντες
320 445 640 499 τόνἹουλιανόν
655 448 872 519 παξόντα,
915 457 1081 503 cientes
1120 456 1296 506 Iuliano
1339 460 1567 522 praesenti,
1607 464 1660 509 il·

114 528 272 575 ἐκεῖνον
294 523 574 584 βασιλικαῖς
604 533 782 592 φωναῖς
814 529 877 576 εὐ·
915 532 1010 580 lum
1057 536 1358 600 imperatoriis
1422 537 1689 604 faustisquel

114 599 297 669 φῆμουν
350 601 548 654 εἰπόντα.
648 597 872 670 ὃιαγγελ-
916 625 963 668 9.
999 611 1390 662 acclamationibus
1424 605 1688 687 proleque-i

112 679 275 739 Θείο-ης
295 679 344 730 τὲ
364 680 387 716 b
411 683 489 738 τῆς
512 683 592 732 τοῦ
615 676 760 747 δήμου
782 681 874 731 Ῥω·
914 686 1078 736 bantur
1112 689 1349 739 absentem.
1430 695 1659 740 Nunciata

109 759 260 825 μαίων
285 758 490 826 γνώμης,
523 759 602 810 καὶ
626 764 703 815 τῆς
725 762 871 809 ἐπειλ-
912 776 1061 814 autem
1124 769 1284 832 populi
1334 767 1563 817 voluntate
1614 781 1659 819 et

202 904 239 948 z)
263 903 327 937 Hic
345 904 448 936 colon
468 901 618 936 nostrum
644 904 763 937 habuit
781 906 852 946 Ing.
874 913 928 943 2.,
961 915 1022 947 pro
1052 905 1176 947 punQo
1196 905 1281 944 rel„
1308 915 1349 939 ut
1375 905 1410 938 in
1439 906 1496 946 Bg.
1524 891 1657 940 comma

108 950 330 989 addidimus,
364 960 442 982 cum
461 950 546 981 nihil
566 960 741 992 repertum
759 951 860 989 esset,
889 960 925 984 v,
947 950 992 983 N.
1064 953 1099 993 a)
1123 952 1171 984 lta
1189 960 1225 984 et
1245 954 1308 986 Ms.
1329 953 1386 985 Ba.
1406 953 1516 986 Mart.
1542 961 1576 984 et
1591 952 1655 987 rel.

108 997 217 1036 Mss„
252 995 310 1029 sed
329 997 401 1038 Ing.
419 998 450 1028 ἰν
467 1001 538 1032 ταῖς
553 1004 608 1035 λ.,
633 1008 666 1029 ν.
686 998 735 1031 N.
808 997 844 1036 b)
871 997 944 1037 Ing.
958 996 994 1029 ’ὃὶ
1020 1007 1054 1031 ν.
1073 995 1120 1029 N.

106 1133 198 1160 nem
221 1118 326 1157 illam
345 1121 434 1168 Bg.‚
468 1131 542 1168 qna
561 1130 688 1156 tamen
708 1131 757 1156 ne
779 1131 877 1167 opus
898 1118 1049 1168 quidem
1069 1117 1131 1162 lit,
1160 1131 1249 1156 cum
1267 1117 1426 1158 sufficiat
1443 1118 1506 1157 illa
1527 1120 1657 1170 vulga·

105 1171 160 1208 tis
187 1181 341 1213 vocare,
374 1170 434 1206 vel
455 1182 523 1217 pro
545 1169 751 1211 advocare,
781 1170 841 1206 vel
862 1182 932 1218 pro
952 1170 1178 1212 nominare,
1214 1168 1444 1207 nominatim
1467 1171 1657 1219 appellare

104 1233 147 1261 et
169 1220 366 1270 proferre,
402 1218 453 1256 cf.
475 1218 504 1265 §.
528 1219 579 1268 sq.
602 1227 694 1267 βοῆς.

155 1275 236 1315 ταῖς
255 1276 308 1316 τ.)
339 1272 433 1308 Puto
454 1270 574 1307 deeffe
595 1275 629 1308 ἐν
650 1280 738 1306 anre
762 1276 855 1313 ταῖς.
908 1271 970 1306 Sic
991 1270 1094 1307 enim
1117 1281 1155 1308 et
1176 1270 1294 1308 statim
1320 1269 1400 1318 post
1416 1271 1464 1320 (§.
1478 1269 1546 1319 sq.)
1569 1276 1601 1309 ἐν
1621 1287 1656 1309 τ.

104 1322 282 1372 e.Stepb.
313 1333 424 1369 quem
454 1332 628 1369 repetens
648 1320 732 1356 Sch.
753 1319 792 1356 in
812 1337 871 1364 σ.,
904 1333 1029 1358 tamen
1050 1323 1163 1358 vertit
1192 1320 1268 1358 fine
1299 1334 1444 1369 praep..
1477 1320 1581 1358 secus
1611 1333 1654 1359 ac

102 1376 192 1423 ΒΕ...
233 1367 502 1421 „cangi-effibus
519 1369 786 1419 frequentibus
803 1371 954 1422 populi“
982 1384 1066 1408 cum
1088 1371 1243 1413 Noster,
1279 1370 1317 1407 in
1342 1369 1472 1419 primis
1502 1382 1654 1411 tacente

104 1424 146 1461 P.
166 1436 257 1461 cum
269 1424 360 1460 Mss.
374 1448 385 1463 .,
415 1419 589 1469 potuerit
608 1420 819 1458 orationem
841 1420 1004 1465 variare,
1030 1434 1154 1470 praep.
1175 1422 1344 1460 addenda
1367 1433 1407 1459 et
1425 1421 1650 1463 omittenda,

103 1473 215 1512 cuius
237 1471 385 1522 generis
407 1470 581 1520 postremi
601 1471 769 1519 exempla
790 1471 895 1509 fuere
914 1471 987 1508 iarn
1009 1471 1140 1519 supra,
1175 1484 1218 1509 ut
1241 1470 1280 1508 in
1309 1470 1505 1509 vicinitate
1526 1470 1650 1517 litera·
1716 1494 1719 1505 i

102 1537 188 1562 rum
210 1524 309 1560 nihil
332 1521 403 1564 est,
432 1520 538 1569 quod
558 1521 750 1568 expulerit
772 1534 919 1570 praep..
951 1533 1102 1559 tacente
1121 1522 1339 1559 hincetiam
1361 1520 1542 1564 Sb.1nd.,
1569 1522 1650 1558 No·

103 1574 260 1624 stroque
284 1573 514 1622 adiungente
535 1583 620 1620 gen.
644 1588 677 1608 τ.
699 1575 728 1609 ὃ.
754 1585 798 1609 ex
814 1571 1047 1615 abundanti,
1075 1584 1160 1609 cuni
1183 1571 1380 1610 suffecisset
1404 1583 1511 1620 pron.
1528 1574 1652 1614 αὐτῶν,

100 1637 125 1662 e
142 1638 198 1674 pr.
219 1630 252 1662 οἱ
271 1621 369 1669 Ῥωμ.
382 1647 392 1662 ,
424 1622 686 1669 praebentibus
702 1623 783 1660 lnd.
801 1621 915 1658 modo
929 1621 1036 1658 subst.
1058 1637 1130 1661 συν.
1150 1634 1236 1659 curn
1258 1633 1341 1670 gen.
1360 1621 1442 1660 aliis
1453 1621 1536 1659 Ael.
1549 1622 1596 1657 V.
1612 1621 1661 1657 h:

99 1676 226 1724 Long.
247 1675 346 1711 Mor.
371 1684 410 1710 et
429 1674 490 1710 Fa.
509 1670 614 1715 Aes„
653 1672 716 1708 sed
739 1671 910 1709 absolute
931 1672 1053 1709 Thuc.
1073 1673 1115 1709 R.
1139 1675 1206 1709 Or.
1230 1672 1274 1706 V.
1291 1681 1325 1712 8.
1345 1672 1448 1709 And.
1472 1673 1585 1709 Dem.
1609 1676 1651 1709 et'
1718 1695 1719 1698 =

99 1724 147 1765 Is.
167 1725 258 1762 Pan.
279 1726 381 1761 Mor.
409 1735 445 1771 p.
470 1731 526 1770 32.
546 1721 593 1764 i.,
638 1721 687 1758 cf.
710 1721 824 1770 Hesy.
860 1733 946 1758 cum
968 1723 1045 1765 N„
1083 1734 1154 1758 nec
1182 1724 1230 1760 G.
1252 1722 1327 1758 Th.
1357 1732 1541 1763 tenente,
1580 1719 1648 1758 nifi

99 1786 270 1819 „coetus
291 1774 454 1812 civium«
484 1771 550 1820 qui
570 1784 655 1822 gen.
682 1773 732 1809 est
752 1784 907 1822 quoque
926 1772 975 1809 ib.
999 1772 1039 1809 in
1062 1783 1096 1808 v.
1114 1781 1306 1809 conventus
1328 1784 1410 1809 curn
1432 1773 1498 1808 Gr.
1513 1783 1572 1815 n..
1605 1782 1649 1808 ut

97 1827 282 1872 „comitia
305 1821 441 1872 populi
461 1823 557 1859 Rom.
572 1847 584 1864 ,
614 1827 847 1870 ἀρχαιρεσίας,
875 1827 998 1870 (1043,
1019 1823 1096 1868 74.)
1118 1821 1273 1859 comitia
1292 1822 1442 1873 populi“
1470 1833 1548 1870 quo
1579 1832 1648 1857 au-

97 1887 179 1915 tem
199 1875 266 1913 hic
282 1875 419 1912 Noster
441 1885 520 1909 non
541 1872 766 1920 respexerit,
801 1871 866 1911 sed
887 1873 933 1910 ad
952 1871 1198 1923 quotidianos
1217 1872 1380 1911 circulos
1397 1870 1582 1922 quosdam
1605 1871 1646 1909 in

96 1927 259 1979 publico
279 1925 357 1962 sine
382 1923 526 1972 publica
556 1922 790 1962 auctoritate.

150 1984 271 2024 fimeta.
289 1979 346 2022 φ.)
369 1973 622 2021 imperatoriis
645 1974 808 2016 vocibus,
838 1972 863 2011 i.
884 1986 916 2010 e.
938 1972 1096 2012 vocibus
1125 1983 1166 2010 et
1185 1971 1329 2016 titulis,
1362 1970 1429 2022 qui
1451 1971 1645 2010 acclamari

96 2026 394 2077 imperatoribus
415 2023 549 2061 solent.
576 2024 696 2073 Steph.

199 2077 279 2124 Qi
305 2087 343 2113 et
368 2075 410 2113 in
431 2086 480 2110 m.
506 2071 640 2110 deserit
668 2073 728 2116 1³.‚
763 2072 867 2109 unde
896 2083 1025 2110 tamen
1061 2072 1125 2122 ΒΕ.
1154 2071 1274 2110 servat
1305 2072 1504 2121 copulam,
1542 2071 1643 2121 quia,

95 2128 286 2167 vertendo
312 2139 348 2163 v.
361 2128 438 2171 εὒφ.
464 2136 530 2172 per
554 2121 699 2172 phralin
722 2135 766 2160 ex
783 2121 857 2160 adi.
879 2133 920 2161 et
933 2121 1060 2166 subst..
1082 2123 1358 2159 concurrebant
1376 2121 1454 2160 duo
1475 2122 1549 2160 adi.
1564 2147 1574 2163 .
1604 2133 1644 2159 et

94 2179 186 2229 quia
216 2176 257 2215 in
279 2177 418 2214 eodem
449 2187 483 2210 v.
515 2173 641 2210 voluit
670 2173 837 2210 retinere
864 2173 1067 2210 notionem
1097 2172 1301 2220 particulae
1326 2167 1392 2217 εὖ,
1429 2183 1539 2222 quam
1572 2184 1640 2208 ne-

93 2230 244 2282 gligens
273 2228 353 2274 Stp.
381 2226 421 2263 in
445 2238 515 2268 m.‚
552 2223 705 2261 brevior
739 2222 811 2259 effe
840 2223 994 2270 potuit,
1031 2221 1219 2259 scribente
1249 2222 1387 2260 Nostro
1415 2232 1564 2260 tantum
1593 2221 1640 2259 ad

93 2280 269 2328 analog.,
310 2289 349 2315 et
383 2275 424 2313 in
450 2281 536 2322 βαι.
560 2283 644 2321 φων.
675 2272 788 2310 etiam
817 2285 882 2322 per
900 2270 1155 2310 Graecitatem
1182 2284 1321 2310 novam
1352 2285 1374 2309 e
1401 2271 1496 2321 reip.
1526 2273 1637 2310 Rom.
1663 2267 1676 2321 ᾗ

91 2341 259 2369 ratione.

145 2383 238 2425 διαγ.
256 2378 315 2422 τὲ)
347 2375 476 2413 Malim
491 2379 587 2419 διαγ.
608 2377 656 2412 δέ.
672 2372 792 2422 steph.
821 2383 935 2420 quem
953 2383 1039 2409 cum
1052 2372 1130 2422 Ing.
1151 2370 1321 2421 sequitur
1341 2369 1457 2408 etiam
1468 2371 1554 2420 ug..
1581 2369 1639 2408 ni·

91 2429 149 2469 hil
179 2429 410 2466 decernente
432 2426 472 2463 P.
505 2437 571 2472 per
599 2422 816 2460 libertatem
841 2421 929 2464 rel.‚
967 2433 1181 2471 quanquam
1208 2421 1296 2458 alias
1326 2425 1364 2459 δὲ
1393 2432 1478 2458 cum
1508 2420 1652 2470 aliquo.

89 2480 253 2518 nomine
276 2474 468 2513 contrahit
489 2473 530 2511 in
558 2485 774 2521 pronomen
793 2472 897 2509 relat.
910 2498 921 2515 ‚
951 2471 1117 2509 confufis
1136 2473 1222 2508 sane
1242 2470 1316 2508 istis
1335 2470 1495 2507 vocibus
1513 2469 1637 2517 saepe,

89 2529 155 2570 {ed
175 2527 258 2570 hic,
289 2539 376 2563 curn
398 2526 490 2563 Mss.
513 2535 684 2566 taceant,
720 2522 879 2559 valitura
900 2523 1002 2570 vulg.
1022 2522 1157 2568 copula
1189 2534 1254 2569 per
1275 2519 1455 2557 vetustam
1482 2518 1636 2557 nectem,

89 2579 164 2618 dae
185 2576 369 2615 orationis
386 2573 597 2616 rationem,
627 2574 714 2610 dum
738 2572 845 2609 ducit
864 2573 930 2619 Bg.
955 2572 1017 2609 sua
1037 2572 1105 2609 rel.
1124 2582 1278 2621 quoque
1299 2572 1411 2617 eStp.
1431 2583 1500 2612 m..
1532 2581 1636 2616 prae-

86 2641 148 2669 ter
171 2626 344 2666 omiffum
363 2637 448 2675 gen.
469 2624 589 2669 Ῥωμ,
628 2634 743 2670 quem
765 2621 990 2669 expresserat
1015 2634 1046 2663 1,
1070 2632 1124 2668 13,
1146 2636 1201 2666 4.,
1227 2620 1322 2657 olim
1345 2619 1630 2660 restituendum,

85 2691 178 2717 cum
197 2677 261 2715 hic
280 2677 382 2713 forte
402 2673 542 2712 scribae
563 2673 660 2709 vitio
684 2671 807 2709 deesse
827 2672 955 2719 poffit,
993 2670 1190 2708 adiunctus
1219 2684 1237 2707 a
1258 2670 1395 2708 Nostro
1425 2664 1471 2706 ad
1489 2668 1634 2706 variati·
1662 2710 1667 2716 ⁴

85 2730 179 2769 dum
198 2740 266 2776 pro
285 2726 392 2764 nudo
413 2738 468 2773 pr.
489 2721 524 2771 §.
541 2724 604 2761 τοῦ
622 2724 651 2760 δ.
665 2746 676 2763 ,
713 2722 762 2758 cf.
783 2721 816 2771 §.
837 2736 873 2769 4.
896 2720 940 2757 ad
963 2722 1028 2770 Eg.
1051 2719 1091 2757 in
1110 2735 1166 2766 γυ.
1187 2719 1406 2756 variantem.
1589 2766 1598 2774 ’
1662 2766 1674 2770 a

135 2777 194 2826 κ..)
212 2784 276 2823 τῆς
295 2777 347 2825 Λ.)
371 2775 522 2813 Totum
542 2772 616 2811 hoc
638 2772 847 2811 membrum
870 2768 997 2810 omiiit
1015 2770 1081 2816 P..
1105 2782 1190 2809 non
1207 2767 1424 2808 restitutum
1443 2779 1465 2805 a
1482 2767 1566 2817 Sep.
1587 2778 1629 2806 m
1658 2776 1673 2804 t
1710 2770 1721 2804 i
