1722 3086
122 61 228 111 904
255 56 259 66 ·
296 51 569 101 LrssERiv.
593 52 837 103 cAP.v11.
861 54 1050 106 A.v.c.
1074 22 1434 114 mcum.
1455 66 1516 102 21
1532 53 1582 113 3:

129 166 281 234 χειξῶν
331 163 356 223 ἢ
405 165 623 233 καμάτου
673 168 888 236 σώματος
926 175 1010 224 bus
1039 187 1116 225 aut
1147 175 1459 239 defatigatione
1491 166 1683 245 corpo-⁷}

129 240 257 311 ἕξγον
277 283 287 302 ,
376 245 553 315 ἰτς-ὦτος
636 244 906 318 εἰργάξετο(
927 256 988 302 ris
1011 251 1062 302 fit
1083 271 1224 320 opus,
1256 255 1429 320 primus
1461 255 1680 305 faciebat-³

127 315 380 388 τξοίπεζοίν
401 343 448 373 τε
471 325 628 383 εὐτελῆ
648 324 893 395 παξετῖθε·
933 337 980 382 8.
1014 327 1210 381 mensam
1237 347 1324 397 que
1347 330 1480 380 vilem
1515 342 1687 400 appo-³·

127 482 169 525 μ]
192 470 377 509 commeta
398 475 530 530 copula
549 474 589 514 in
609 488 725 515 unam
745 489 898 519 vocem,
923 491 944 516 e
963 477 1056 515 serie
1075 476 1138 516 illa
1160 476 1334 517 omnium
1354 489 1452 523 una,
1477 488 1523 516 ut
1541 478 1667 518 malus
1685 478 1687 483 ⁴

128 519 220 557 mde
240 533 416 560 accentus
439 526 549 563 lacile
568 527 804 570 nasceretur,
827 529 931 578 quod
961 539 1001 565 et
1021 528 1158 564 accidit
1176 527 1216 565 in
1243 528 1358 568 altera
1379 541 1444 572 re,
1466 528 1531 567 ubi
1551 529 1665 568 semel

129 581 308 618 corrupta
334 573 423 610 effet-
448 576 587 631 yocalis
607 596 632 619 ω
660 578 814 616 iterum.
863 577 936 615 Sed
958 579 1022 628 Bg.
1050 576 1174 615 omisit
1195 580 1388 626 copulam..
1417 576 1521 616 secus
1541 591 1582 615 ac
1606 578 1680 622 Ρ..·

130 632 199 675 per
218 621 428 678 asyli-detor]
450 636 585 663 iterum
600 654 610 670 ,
637 627 686 664 cf.
711 641 745 671 2,
768 641 824 673 ις,
846 639 900 672 7.,
929 640 1009 664 non
1029 640 1157 666 autem
1178 639 1262 665 cum
1281 627 1348 666 illo
1370 628 1561 666 contrahit
1581 640 1664 666 ora.

130 680 279 707 tionem
305 676 480 729 iri-copia
503 677 627 714 Nostri
652 691 718 726 per
739 678 914 716 variatam
941 677 1146 716 formulam
1168 693 1275 726 πρωτ.
1295 683 1382 726 εἲςγ.
1411 691 1498 716 cum
1522 691 1575 727 pr.
1601 693 1682 725 πᾳ,

131 723 196 765 {We
223 747 233 763 v
261 734 333 775 qua
357 727 428 771 πρίει
452 727 684 774 repetitione
704 728 766 771 fit,
793 739 836 766 ut
857 730 930 765 hoc
952 729 1160 766 membrum
1180 740 1200 764 a
1219 727 1405 776 prioribus
1426 728 1572 777 seiungi
1599 729 1666 766 de-

132 770 220 806 beat
248 771 375 810 laltem
409 788 473 822 per
507 777 644 821 colon,
672 791 713 815 ac
741 791 807 826 per
835 778 872 816 se
900 779 1090 821 sumatur,
1126 791 1208 815 non
1234 777 1404 824 pendens
1431 790 1449 814 a
1472 791 1526 825 pr.
1548 778 1601 817 ὅτι
1623 774 1689 818 et:⁴

128 823 271 882 ἔρραιε,
307 822 397 860 dum
419 824 580 864 variatur
601 840 755 877 quoque
779 841 845 877 per
863 829 1069 877 pluracum
1092 828 1202 866 laude
1221 827 1329 865 simili
1350 828 1479 866 Severi
1502 841 1535 871 2,
1557 840 1614 870 ιι,
1630 841 1669 874 4·

128 876 236 908 αυτὸν
255 877 510 928 σνμγογοῦνπι,
535 882 628 916 ἀλλὰ
647 886 703 916 καὶ
726 886 791 917 τῶν
812 884 974 924 καμάτων
993 876 1147 926 ἔρχονται
1170 890 1223 920 A„
1260 876 1525 915 consentiente
1543 876 1667 915 Dion.

129 920 175 956 C·
202 932 305 966 1²99,
323 937 347 959 ι.
367 930 413 962 τὰ
429 931 488 970 μὲν
513 929 680 966 διακονικὰ
697 924 947 978 ὗπηςετιῖματοε
967 937 1025 967 καὶ
1043 934 1129 967 πάνυ
1148 931 1292 976 ἀκριβῶς
1311 932 1347 975 ἐξ
1365 928 1440 966 ’ἴσου
1455 931 1528 970 τοῖς
1548 925 1668 974 ἄλλοις

130 971 400 1017 ὄάπθνούμενθε,
420 996 459 1002 -
485 981 556 1018 τοῖς
587 975 847 1025 ςςατιώταις-
873 982 941 1017 πᾶν
969 975 1069 1026 ἔργον
1089 980 1401 1025 συνεργαζόμενος,
1428 976 1492 1015 sed
1519 976 1671 1025 respici-

131 1031 222 1055 ente
244 1021 315 1059 huc
333 1025 412 1071 Stp.
429 1026 503 1064 Th.
528 1026 602 1065 line
622 1029 681 1065 Vs,
707 1027 748 1065 in
770 1042 803 1065 v.
823 1045 923 1071 nau„
953 1028 1015 1065 sed
1041 1028 1107 1065 sub
1127 1029 1205 1065 Lat.
1224 1027 1303 1076 syn.
1332 1030 1419 1077 Eg„
1445 1027 1511 1075 qui
1531 1027 1678 1065 melius·

130 1067 181 1123 sl?
196 1083 344 1126 nquam
374 1075 435 1117 R,
462 1075 659 1127 distinguit
677 1079 721 1117 ab
745 1079 921 1117 adiunsto
942 1083 1037 1126 397„
1060 1077 1126 1115 'sed
1146 1078 1222 1115 hoc
1249 1077 1368 1126 ipsum
1390 1077 1520 1120 subst.‚
1541 1077 1583 1114 in
1603 1090 1671 1114 re-

130 1129 276 1168 glmlne
294 1122 386 1178 stans
405 1137 492 1162 cum
521 1128 596 1164 alio
610 1152 621 1169 ‚
649 1141 689 1166 et
707 1128 748 1165 in
768 1128 887 1178 ellipsi
907 1142 944 1165 v.
964 1127 1004 1174 ἦν
1027 1128 1051 1165 s.
1072 1132 1143 1171 ἐςὶ,
1169 1126 1233 1165 dat
1259 1139 1343 1165 cum
1365 1126 1441 1164 alio
1462 1137 1503 1164 et
1521 1126 1605 1164 casu
1625 1137 1670 1169 et:

129 1171 273 1225 ver-hm
300 1174 396 1210 nihil
426 1188 488 1213 me
506 1187 667 1215 tenente
689 1179 729 1216 in
752 1189 877 1217 totum
896 1179 969 1216 hoc
987 1179 1221 1222 membrum,
1248 1189 1359 1226 quam
1379 1176 1526 1225 phrafin
1544 1190 1592 1216 ex
1613 1175 1671 1214 af·

130 1217 200 1279 fin}
223 1230 359 1260 iterum
382 1226 497 1276 verbo
518 1237 557 1263 et
574 1227 678 1265 subst.
707 1241 765 1278 ap.
787 1232 872 1267 Luc.
897 1239 930 1276 3,
955 1238 1036 1271 130.
1064 1227 1088 1264 l.
1113 1237 1169 1269 18.
1202 1223 1294 1275 ἔργα
1323 1229 1469 1265 τοιαῦτα
1490 1234 1547 1266 καὶ
1574 1238 1671 1271 rnn-

131 1285 248 1308 καυτα
276 1276 525 1321 ἐργαζόμενος,
543 1277 725 1325 facinora
753 1277 837 1317 ta‘lia
856 1291 899 1316 ac
920 1291 1022 1318 tanta
1046 1287 1291 1328 perpetrans,
1320 1287 1361 1316 et
1387 1276 1461 1314 alio
1483 1276 1588 1316 sensu
1609 1289 1670 1325 ap·

131 1319 253 1355 Hom·
272 1334 306 1357 v.
327 1323 406 1360 Ind.
429 1337 469 1361 et
487 1339 544 1375 ap.
567 1327 650 1363 Ael.
665 1329 712 1363 V.
733 1329 770 1366 h.
795 1337 828 1375 3,
852 1341 881 1365 1.
903 1341 940 1377 p.
966 1337 1046 1376 193.
1065 1339 1114 1363 m,
1138 1331 1196 1364 οὐκ
1215 1329 1420 1375 ἀνθρωπίνης
1435 1332 1548 1374 χειρᾷς
1567 1323 1670 1374 ἔργα.

183 1382 379 1427 τράπεζαν)
410 1382 481 1419 Pro
505 1383 698 1421 cenezaeo
722 1384 858 1422 iterum
881 1386 918 1423 P.
941 1384 1090 1422 severus
1109 1383 1159 1420 est
1187 1385 1251 1432 Bg.
1270 1382 1431 1419 maxime
1452 1382 1493 1419 in
1514 1395 1549 1422 v.
1567 1398 1669 1430 παρ..

131 1428 258 1473 quoad
283 1431 358 1466 vim
381 1431 481 1468 med.
496 1458 507 1476 ‚
536 1433 682 1480 prorsus
702 1446 787 1471 cum
809 1436 907 1482 lntp.
926 1435 1120 1483 ap.Thuc.
1143 1441 1203 1479 84,
1226 1441 1284 1474 81.
1303 1430 1350 1469 de
1370 1431 1543 1471 Pausania
1560 1438 1668 1481 τράη.

134 1484 303 1523 Περσικὴν
323 1497 405 1527 παρ.
431 1481 480 1517 cf.
500 1484 591 1519 Abr.
608 1483 671 1522 Dl.
699 1498 735 1532 p.
757 1493 838 1532 132.
861 1494 902 1521 et
919 1483 1026 1522 Aufr.
1056 1497 1093 1533 p.
1112 1494 1196 1529 254.
1223 1481 1250 1518 i.
1281 1482 1373 1519 Luc.
1395 1493 1430 1524 2,
1448 1494 1535 1529 427·
1561 1483 1587 1519 l.
1610 1494 1671 1529 51.

134 1537 221 1562 cum
243 1529 294 1564 N.
315 1528 358 1567 it.
382 1530 426 1566 ad
446 1532 560 1570 Diod.
583 1533 620 1569 S.
646 1546 676 1576 1,
699 1537 771 1580 363.
796 1534 821 1570 l.
837 1546 917 1575 20„
943 1534 1006 1571 lib.
1025 1532 1073 1569 de
1083 1532 1131 1572 V.
1147 1531 1244 1569 med.
1263 1532 1345 1579 Stp.
1355 1531 1429 1569 Th.
1447 1541 1483 1580 3,
1500 1535 1669 1578 1506.A.

136 1587 170 1612 e.
194 1576 272 1634 sqq.
291 1590 374 1616 cum
400 1581 493 1620 Bud.
515 1583 557 1618 C.
576 1581 656 1628 Iud.
674 1585 768 1621 Xen.
789 1585 876 1633 Cyr.
895 1595 934 1621 et
955 1584 996 1621 Z.
1017 1582 1149 1620 Bach..
1176 1580 1237 1618 cui
1265 1581 1347 1618 add.
1367 1582 1428 1630 Sy.
1450 1594 1485 1624 2»,
1506 1594 1538 1619 2.
1552 1607 1565 1626 ,
1586 1583 1673 1620 No-

133 1625 209 1664 stro
233 1640 419 1678 iungente
448 1642 594 1669 tantum
624 1632 726 1670 aliud
755 1632 828 1670 adi.
857 1637 931 1672 εὖτ.
976 1631 1051 1671 Sed
1073 1632 1113 1668 in
1133 1631 1206 1669 Ms.
1226 1632 1286 1668 Ba.
1307 1630 1382 1668 alio
1406 1630 1487 1668 adv.
1515 1643 1597 1669 non
1617 1631 1672 1674 est

134 1675 260 1724 lapsus
282 1679 321 1715 in
336 1679 488 1724 litteris,
508 1680 569 1720 sed
586 1681 698 1732 glossa
716 1684 777 1720 vel
799 1695 844 1720 ex
862 1681 1144 1731 comparatione
1163 1693 1248 1718 cum
1261 1694 1296 1727 4,
1308 1693 1344 1727 4,
1358 1691 1433 1719 Le.
1444 1680 1505 1718 vel
1523 1681 1567 1721 ad
1589 1681 1675 1719 sen-

134 1724 217 1764 sum
245 1728 536 1774 declarandum,
572 1743 614 1768 ut
645 1729 710 1776 ἔπη
740 1732 904 1771 sumatur
930 1733 1093 1769 notione
1127 1731 1329 1780 temporis,
1355 1742 1465 1777 quarn
1492 1729 1676 1774 conficias

133 1785 219 1815 tum
237 1790 284 1814 ex
299 1778 370 1817 illo
390 1780 474 1818 adv.
494 1782 660 1830 compos.
679 1788 844 1828 ὁπηνίκα,
869 1796 926 1832 ap,
947 1783 1035 1820 Hes.
1055 1794 1090 1825 2,
1112 1783 1195 1826 768.
1214 1793 1263 1818 m.
1283 1792 1350 1828 per
1370 1778 1431 1820 ὅτε
1449 1780 1588 1819 diserte
1609 1794 1675 1823 ex-

134 1826 302 1883 plicato,
328 1840 409 1867 tum
429 1843 450 1868 e
477 1831 701 1875 notatione,
729 1833 911 1882 quoniam
932 1844 998 1881 per
1021 1830 1058 1869 se
1087 1831 1137 1868 est
1159 1830 1234 1867 dat.
1253 1830 1393 1868 veteris
1421 1843 1555 1879 prom,
1577 1844 1675 1878 pro-

134 1888 221 1925 pne
242 1890 315 1926 que
339 1880 432 1917 adeo
454 1893 536 1918 cum
557 1882 634 1919 iota
656 1881 920 1925 scribendum,
945 1882 1066 1931 (quod
1080 1906 1090 1923 ,
1111 1893 1132 1917 e
1156 1880 1248 1918 Mss.
1276 1880 1424 1918 ratione
1446 1880 1596 1919 solenni
1624 1881 1673 1919 ab

133 1926 253 1964 initio
276 1930 508 1978 neglethim,
534 1931 673 1969 deinde
691 1932 739 1969 fic
761 1931 799 1970 in
821 1933 905 1971 edd.
925 1932 1203 1978 omittebatur,)
1227 1928 1292 1968 ubi
1315 1929 1543 1978 suppleveris
1562 1929 1674 1971 subst.

139 1971 212 2024 ὄξει
226 2003 236 2020 ‚
266 1989 349 2016 tum
368 1981 530 2030 denique
547 1995 592 2019 ex
612 1981 804 2032 analogia,
832 1994 871 2020 et
893 1982 980 2031 quia
999 1980 1200 2018 miscentur
1222 1979 1321 2016 inter
1342 1979 1379 2016 se
1401 1979 1575 2025 adverbia
1594 1979 1673 2021 loci

135 2023 204 2071 ἔπη
228 2039 267 2065 et
291 2027 395 2071 ὅπου,
419 2043 500 2067 non
520 2031 636 2069 modo
657 2045 723 2081 per
742 2031 1020 2073 confusionem,
1049 2028 1263 2067 cf.Rsm.ad
1283 2030 1379 2066 Dev.
1393 2041 1518 2078 p.251.
1532 2030 1673 2076 N.61.‚

133 2075 199 2114 sed
226 2089 266 2114 et
287 2079 413 2128 quoad
445 2081 673 2124 notionem,
701 2094 740 2119 et
761 2082 849 2129 quia
881 2079 984 2125 ἕπου,
1015 2078 1166 2129 proprie
1191 2078 1345 2115 deloco
1370 2080 1522 2121 valens,
1554 2079 1672 2123 etiam

132 2127 294 2175 ponitur
312 2130 358 2169 de
379 2141 568 2177 ternpore;
594 2132 698 2171 unde
719 2142 919 2180 exponunt
936 2130 1039 2168 Suid.
1055 2142 1090 2172 2,
1110 2139 1192 2176 703.
1215 2142 1247 2166 e.
1270 2125 1357 2172 ἔπη,
1381 2126 1485 2172 ὅπου,
1512 2127 1590 2167 fine
1613 2131 1673 2166 lo-

135 2188 183 2212 co
205 2176 334 2227 aliquo
348 2203 358 2221 ,
388 2191 427 2217 et
446 2181 537 2219 Hes.
550 2194 594 2224 4,
613 2184 766 2227 771.'m.
785 2179 898 2225 ὅππη,
926 2178 1023 2222 ὅπου,
1049 2179 1173 2228 (quod
1192 2178 1382 2226 pertineat
1401 2180 1445 2216 ad
1465 2180 1581 2216 Hom.
1594 2179 1670 2225 ’03-

135 2230 183 2269 ά»
211 2230 312 2277 347.)
338 2241 381 2267 ut
401 2241 441 2267 et
466 2229 543 2267 Lat.
569 2231 736 2269 severum
759 2231 831 2282 est,
858 2231 920 2269 ubi
943 2229 1111 2267 similiter
1134 2227 1181 2266 de
1203 2239 1378 2277 tempore
1401 2228 1570 2277 capitur,
1595 2241 1671 2278 qua

136 2275 185 2313 de
202 2276 240 2313 vi
260 2290 339 2316 non
359 2280 535 2317 dubitans
556 2281 711 2329 quidem
731 2281 772 2318 in
791 2282 911 2318 nostra
929 2279 1090 2317 formula
1107 2280 1186 2326 Stp.
1206 2278 1280 2316 Th.
1300 2292 1336 2324 4,
1358 2284 1464 2325 1546.
1485 2278 1559 2321 D.‚
1587 2278 1675 2316 red·

138 2325 267 2365 dendo
290 2340 356 2377 per
373 2329 589 2377 aliquando,
617 2342 744 2368 tamen
767 2330 927 2367 eandem
946 2328 1062 2366 modo
1082 2327 1259 2376 produxit
1279 2341 1324 2364 ex
1341 2327 1422 2366 aliis
1443 2328 1566 2365 Nostri
1579 2327 1673 2365 locis

141 2377 317 2420 duobus,
349 2391 419 2415 nec
443 2391 502 2415 me
529 2381 743 2427 reperiente
774 2381 860 2417 alibi
889 2379 1014 2416 Nostri
1036 2378 1132 2414 hanc
1151 2377 1379 2420 formulam,
1406 2390 1478 2416 nec
1497 2378 1606 2415 huius
1626 2377 1676 2414 il-

139 2427 214 2464 lam
235 2428 419 2475 temporis
440 2428 642 2466 notionem
663 2430 704 2467 in
726 2431 766 2467 L.
783 2431 892 2473 Em„
920 2429 983 2465 ubi
1009 2427 1125 2464 modo
1147 2427 1262 2468 duae,
1287 2439 1433 2474 praeter
1453 2427 1578 2470 modi,
1606 2440 1676 2475 pro

139 2477 260 2525 aliquo
281 2481 400 2520 modo,
427 2477 514 2526 (ubi
544 2478 715 2528 suppleas
743 2479 849 2517 subst.
871 2482 979 2526 μερίδι
1000 2478 1022 2514 s.
1045 2479 1145 2524 5343»)
1172 2475 1312 2513 deinde
1333 2476 1432 2518 loci,
1461 2489 1500 2514 et
1518 2477 1677 2525 quidem

139 2525 182 2564 in
204 2528 314 2568 loco,
343 2541 410 2575 pro
431 2528 584 2571 alicubi,
611 2528 691 2575 (ubi
721 2529 935 2576 explebitur
965 2528 1025 2574 ὁδῷ
1045 2525 1071 2562 s·
1091 2522 1209 2572 χῶςᾳ,
1236 2537 1386 2564 tacente
1410 2526 1456 2563 de
1485 2525 1676 2574 ellipssbus

139 2576 202 2614 his
225 2577 400 2614 omnibus
418 2578 462 2615 L.
483 2579 585 2622 Bos.)
605 2590 713 2626 quam
736 2578 844 2625 postr.
872 2578 1097 2618 notionem,
1125 2588 1210 2612 curn
1236 2577 1276 2611 P.
1299 2576 1410 2622 plane
1430 2575 1526 2613 nihil
1553 2574 1675 2614 dedis-

140 2624 220 2669 set,
247 2639 401 2674 quoque
420 2626 482 2663 hic
504 2627 672 2676 sequitur
695 2630 780 2676 Eg„
809 2639 929 2675 aeque
950 2625 1068 2668 reste,
1094 2635 1181 2660 cum
1205 2624 1341 2672 poffint
1365 2625 1449 2661 sane
1476 2625 1554 2662 loca
1575 2624 1677 2674 cogi-

142 2676 235 2718 tari,
262 2676 326 2714 ubi
351 2677 559 2714 Caracallus
581 2677 669 2714 talia
693 2676 850 2718 fecerit,
876 2676 923 2713 cf.
945 2675 1053 2723 super
1076 2671 1140 2716 ὅπη
1161 2674 1208 2710 de
1228 2675 1336 2717 loco,
1367 2685 1514 2721 praeter
1535 2675 1676 2713 Thom-

141 2727 200 2766 M.
229 2739 266 2777 p.
287 2732 396 2778 653.‚
422 2738 576 2780 quoque
597 2740 653 2781 ap.
675 2726 793 2774 Mus„
816 2726 884 2768 ubi
910 2738 945 2768 v.⁴
965 2739 1002 2774 4.
1025 2735 1153 2766 tamen
1173 2725 1257 2766 var.
1284 2726 1326 2768 L·
1348 2724 1458 2769 ὅπου,
1485 2723 1548 2765 sed
1568 2737 1602 2763 v.
1622 2735 1678 2772 52.
