<?xml version="1.0" encoding="UTF-8"?>
<!DOCTYPE html PUBLIC "-//W3C//DTD XHTML 1.0 Transitional//EN"
    "http://www.w3.org/TR/xhtml1/DTD/xhtml1-transitional.dtd">
<html xmlns="http://www.w3.org/1999/xhtml" xml:lang="en" lang="en">
 <head>
  <title>
</title>
<meta http-equiv="Content-Type" content="text/html;charset=utf-8" />
  <meta name='ocr-system' content='tesseract 3.04.00' />
  <meta name='ocr-capabilities' content='ocr_page ocr_carea ocr_par ocr_line ocrx_word'/>
</head>
<body>
  <div class='ocr_page' id='page_1' title='image "./historiarumlibri02hero/historiarumlibri02hero_0257.png"; bbox 0 0 1717 3082; ppageno 0'>
   <div class='ocr_carea' id='block_1_1' title="bbox 123 105 1548 169">
    <p class='ocr_par' dir='ltr' id='par_1_1' title="bbox 123 105 1548 169">
     <span class='ocr_line' id='line_1_1' title="bbox 123 105 1548 169; baseline -0.001 -12"><span class='ocrx_word' id='word_1_1' title='bbox 123 111 293 158; x_wconf 73' lang='lat' dir='ltr'>LIBER</span> <span class='ocrx_word' id='word_1_2' title='bbox 311 110 364 154; x_wconf 93' lang='lat'>11.</span> <span class='ocrx_word' id='word_1_3' title='bbox 397 108 522 154; x_wconf 86' lang='lat' dir='ltr'>CAP.</span> <span class='ocrx_word' id='word_1_4' title='bbox 542 107 640 152; x_wconf 84' lang='lat' dir='ltr'>VII.</span> <span class='ocrx_word' id='word_1_5' title='bbox 675 108 729 152; x_wconf 81' lang='lat' dir='ltr'>A.</span> <span class='ocrx_word' id='word_1_6' title='bbox 748 105 801 151; x_wconf 82' lang='lat' dir='ltr'>V.</span> <span class='ocrx_word' id='word_1_7' title='bbox 827 106 873 151; x_wconf 94' lang='lat' dir='ltr'>C.</span> <span class='ocrx_word' id='word_1_8' title='bbox 895 109 1003 166; x_wconf 70' lang='lat'>946.</span> <span class='ocrx_word' id='word_1_9' title='bbox 1035 106 1172 155; x_wconf 87' lang='lat' dir='ltr'>CHR.</span> <span class='ocrx_word' id='word_1_10' title='bbox 1191 108 1254 153; x_wconf 92' lang='lat' dir='ltr'>N.</span> <span class='ocrx_word' id='word_1_11' title='bbox 1278 122 1386 167; x_wconf 78' lang='lat'>193·</span> <span class='ocrx_word' id='word_1_12' title='bbox 1458 123 1548 169; x_wconf 80' lang='lat'>205</span> 
     </span>
    </p>
   </div>
   <div class='ocr_carea' id='block_1_2' title="bbox 41 220 1558 670">
    <p class='ocr_par' dir='ltr' id='par_1_2' title="bbox 41 220 1558 670">
     <span class='ocr_line' id='line_1_2' title="bbox 41 220 1556 296; baseline -0.009 -5"><span class='ocrx_word' id='word_1_13' title='bbox 41 226 279 296; x_wconf 52' lang='lat' dir='ltr'>‘suffisia</span> <span class='ocrx_word' id='word_1_14' title='bbox 302 230 360 282; x_wconf 67' lang='grc' dir='ltr'>εἷς</span> <span class='ocrx_word' id='word_1_15' title='bbox 385 222 456 281; x_wconf 51' lang='lat' dir='ltr'>viv</span> <span class='ocrx_word' id='word_1_16' title='bbox 482 220 645 293; x_wconf 55' lang='grc' dir='ltr'>α’ξχῆν,</span> <span class='ocrx_word' id='word_1_17' title='bbox 682 223 778 291; x_wconf 69' lang='grc' dir='ltr'><strong><em>τξυ-</em></strong></span> <span class='ocrx_word' id='word_1_18' title='bbox 817 225 981 288; x_wconf 76' lang='lat' dir='ltr'>greffus</span> <span class='ocrx_word' id='word_1_19' title='bbox 1034 231 1271 295; x_wconf 87' lang='lat' dir='ltr'>imperium</span> <span class='ocrx_word' id='word_1_20' title='bbox 1291 264 1301 283; x_wconf 92' lang='lat'>,</span> <span class='ocrx_word' id='word_1_21' title='bbox 1359 229 1556 279; x_wconf 80' lang='lat' dir='ltr'>luxuriae</span> 
     </span>
     <span class='ocr_line' id='line_1_3' title="bbox 41 297 1557 387; baseline -0.005 -17"><span class='ocrx_word' id='word_1_22' title='bbox 41 310 161 370; x_wconf 60' lang='grc' dir='ltr'>φαῖς</span> <span class='ocrx_word' id='word_1_23' title='bbox 181 303 343 356; x_wconf 55' lang='grc' dir='ltr'><em>εὐθέως</em></span> <span class='ocrx_word' id='word_1_24' title='bbox 363 302 437 351; x_wconf 54' lang='grc' dir='ltr'>καὶ</span> <span class='ocrx_word' id='word_1_25' title='bbox 460 297 738 369; x_wconf 50' lang='lat' dir='ltr'>agam-dham</span> <span class='ocrx_word' id='word_1_26' title='bbox 761 303 779 321; x_wconf 65' lang='grc' dir='ltr'>ο</span> <span class='ocrx_word' id='word_1_27' title='bbox 819 324 1031 369; x_wconf 79' lang='lat' dir='ltr'>continuo</span> <span class='ocrx_word' id='word_1_28' title='bbox 1087 333 1130 368; x_wconf 88' lang='lat' dir='ltr'>et</span> <span class='ocrx_word' id='word_1_29' title='bbox 1181 323 1384 387; x_wconf 83' lang='lat' dir='ltr'>crapulae</span> <span class='ocrx_word' id='word_1_30' title='bbox 1436 342 1557 373; x_wconf 87' lang='lat' dir='ltr'>vaca-</span> 
     </span>
     <span class='ocr_line' id='line_1_4' title="bbox 43 369 778 447; baseline -0.012 -18"><span class='ocrx_word' id='word_1_31' title='bbox 43 376 305 446; x_wconf 68' lang='grc' dir='ltr'><em>ἐσχόλαζε,</em></span> <span class='ocrx_word' id='word_1_32' title='bbox 356 379 408 447; x_wconf 69' lang='grc' dir='ltr'>τῇ</span> <span class='ocrx_word' id='word_1_33' title='bbox 439 377 515 442; x_wconf 70' lang='grc' dir='ltr'>μὲν</span> <span class='ocrx_word' id='word_1_34' title='bbox 541 377 622 423; x_wconf 77' lang='grc' dir='ltr'>τῶν</span> <span class='ocrx_word' id='word_1_35' title='bbox 647 369 778 438; x_wconf 66' lang='grc' dir='ltr'><em>δημο-</em></span> 
     </span>
     <span class='ocr_line' id='line_1_5' title="bbox 43 449 1531 521; baseline -0.01 -18"><span class='ocrx_word' id='word_1_36' title='bbox 43 457 145 504; x_wconf 76' lang='grc' dir='ltr'><em>σίων</em></span> <span class='ocrx_word' id='word_1_37' title='bbox 167 456 397 521; x_wconf 75' lang='grc' dir='ltr'><em>ἐπιμελείᾳ,</em></span> <span class='ocrx_word' id='word_1_38' title='bbox 419 449 632 521; x_wconf 68' lang='grc' dir='ltr'>ῥᾳθύμως</span> <span class='ocrx_word' id='word_1_39' title='bbox 655 469 779 518; x_wconf 68' lang='grc' dir='ltr'><em>’πξος-</em></span> <span class='ocrx_word' id='word_1_40' title='bbox 1522 513 1531 521; x_wconf 92' lang='lat'>.</span> 
     </span>
     <span class='ocr_line' id='line_1_6' title="bbox 44 507 1558 600; baseline -0.008 -21"><span class='ocrx_word' id='word_1_41' title='bbox 44 530 299 600; x_wconf 66' lang='grc' dir='ltr'><em>φεξόμενος,</em></span> <span class='ocrx_word' id='word_1_42' title='bbox 333 533 392 583; x_wconf 81' lang='grc' dir='ltr'>εἰς</span> <span class='ocrx_word' id='word_1_43' title='bbox 414 524 462 577; x_wconf 62' lang='grc' dir='ltr'>δὲ</span> <span class='ocrx_word' id='word_1_44' title='bbox 486 526 533 575; x_wconf 71' lang='grc' dir='ltr'>τὸ</span> <span class='ocrx_word' id='word_1_45' title='bbox 558 522 783 595; x_wconf 65' lang='grc' dir='ltr'>ἁβξοὸιὰι-</span> <span class='ocrx_word' id='word_1_46' title='bbox 820 517 997 565; x_wconf 62' lang='lat' dir='ltr'><strong>gentem</strong></span> <span class='ocrx_word' id='word_1_47' title='bbox 1041 507 1080 553; x_wconf 72' lang='lat' dir='ltr'>se</span> <span class='ocrx_word' id='word_1_48' title='bbox 1132 507 1350 572; x_wconf 66' lang='lat' dir='ltr'>praebens</span> <span class='ocrx_word' id='word_1_49' title='bbox 1374 545 1386 566; x_wconf 86' lang='lat'>›</span> <span class='ocrx_word' id='word_1_50' title='bbox 1448 509 1558 558; x_wconf 72' lang='lat' dir='ltr'>dell-</span> 
     </span>
     <span class='ocr_line' id='line_1_7' title="bbox 46 597 1558 670; baseline 0.002 -14"><span class='ocrx_word' id='word_1_51' title='bbox 46 627 117 656; x_wconf 83' lang='grc' dir='ltr'>τον</span> <span class='ocrx_word' id='word_1_52' title='bbox 141 620 162 652; x_wconf 79' lang='grc' dir='ltr'>Ρ</span> <span class='ocrx_word' id='word_1_53' title='bbox 194 604 272 655; x_wconf 73' lang='grc' dir='ltr'>καὶ</span> <span class='ocrx_word' id='word_1_54' title='bbox 307 601 496 670; x_wconf 67' lang='grc' dir='ltr'><em>ἄσεμνον</em></span> <span class='ocrx_word' id='word_1_55' title='bbox 521 597 740 658; x_wconf 59' lang='grc' dir='ltr'>ἐπιδιδοὺς</span> <span class='ocrx_word' id='word_1_56' title='bbox 761 606 780 633; x_wconf 75' lang='lat'>‘³</span> <span class='ocrx_word' id='word_1_57' title='bbox 817 608 892 652; x_wconf 87' lang='lat' dir='ltr'>ciis</span> <span class='ocrx_word' id='word_1_58' title='bbox 945 617 988 653; x_wconf 86' lang='lat' dir='ltr'>et</span> <span class='ocrx_word' id='word_1_59' title='bbox 1041 607 1238 656; x_wconf 79' lang='lat' dir='ltr'>foeditati</span> <span class='ocrx_word' id='word_1_60' title='bbox 1292 609 1455 658; x_wconf 86' lang='lat' dir='ltr'>dedens</span> <span class='ocrx_word' id='word_1_61' title='bbox 1499 612 1558 659; x_wconf 87' lang='lat' dir='ltr'>se-</span> 
     </span>
    </p>
   </div>
   <div class='ocr_carea' id='block_1_3' title="bbox 818 411 1558 479">
    <p class='ocr_par' dir='ltr' id='par_1_3' title="bbox 818 411 1558 479">
     <span class='ocr_line' id='line_1_8' title="bbox 818 411 1558 479; baseline 0.011 -22"><span class='ocrx_word' id='word_1_62' title='bbox 818 411 927 467; x_wconf 83' lang='lat' dir='ltr'>bat‚</span> <span class='ocrx_word' id='word_1_63' title='bbox 997 416 1044 460; x_wconf 88' lang='lat' dir='ltr'>in</span> <span class='ocrx_word' id='word_1_64' title='bbox 1095 417 1206 479; x_wconf 83' lang='lat' dir='ltr'>reip.</span> <span class='ocrx_word' id='word_1_65' title='bbox 1260 432 1362 461; x_wconf 90' lang='lat' dir='ltr'>cura</span> <span class='ocrx_word' id='word_1_66' title='bbox 1412 418 1558 478; x_wconf 85' lang='lat' dir='ltr'>negli-</span> 
     </span>
    </p>
   </div>
   <div class='ocr_carea' id='block_1_4' title="bbox 43 722 1560 900">
    <p class='ocr_par' dir='ltr' id='par_1_4' title="bbox 43 722 1560 900">
     <span class='ocr_line' id='line_1_9' title="bbox 137 722 1559 771; baseline 0.001 -12"><span class='ocrx_word' id='word_1_67' title='bbox 137 731 171 766; x_wconf 85' lang='grc' dir='ltr'>ο)</span> <span class='ocrx_word' id='word_1_68' title='bbox 199 731 261 763; x_wconf 83' lang='lat' dir='ltr'>Ms.</span> <span class='ocrx_word' id='word_1_69' title='bbox 283 728 338 759; x_wconf 76' lang='lat' dir='ltr'>Ba.</span> <span class='ocrx_word' id='word_1_70' title='bbox 355 730 507 771; x_wconf 63' lang='grc' dir='ltr'>κραιπάλῃ</span> <span class='ocrx_word' id='word_1_71' title='bbox 527 735 561 758; x_wconf 85' lang='lat' dir='ltr'>et</span> <span class='ocrx_word' id='word_1_72' title='bbox 577 725 648 768; x_wconf 76' lang='lat' dir='ltr'>post</span> <span class='ocrx_word' id='word_1_73' title='bbox 665 727 733 763; x_wconf 73' lang='grc' dir='ltr'>ἔσχ.</span> <span class='ocrx_word' id='word_1_74' title='bbox 752 722 867 755; x_wconf 86' lang='lat' dir='ltr'>colon.</span> <span class='ocrx_word' id='word_1_75' title='bbox 887 723 995 756; x_wconf 74' lang='lat' dir='ltr'>Mart.</span> <span class='ocrx_word' id='word_1_76' title='bbox 1043 725 1095 756; x_wconf 87' lang='lat' dir='ltr'>De</span> <span class='ocrx_word' id='word_1_77' title='bbox 1123 727 1232 768; x_wconf 85' lang='lat' dir='ltr'>primo</span> <span class='ocrx_word' id='word_1_78' title='bbox 1259 737 1294 758; x_wconf 86' lang='lat' dir='ltr'>v.</span> <span class='ocrx_word' id='word_1_79' title='bbox 1313 726 1380 765; x_wconf 88' lang='lat' dir='ltr'>N.‚</span> <span class='ocrx_word' id='word_1_80' title='bbox 1412 727 1468 761; x_wconf 85' lang='lat' dir='ltr'>sed</span> <span class='ocrx_word' id='word_1_81' title='bbox 1485 729 1559 771; x_wconf 83' lang='lat' dir='ltr'>post</span> 
     </span>
     <span class='ocr_line' id='line_1_10' title="bbox 45 771 1558 814; baseline 0.001 -10"><span class='ocrx_word' id='word_1_82' title='bbox 45 771 116 812; x_wconf 70' lang='grc' dir='ltr'>ἔσχ.</span> <span class='ocrx_word' id='word_1_83' title='bbox 143 775 244 806; x_wconf 84' lang='lat' dir='ltr'>etiam</span> <span class='ocrx_word' id='word_1_84' title='bbox 276 774 434 814; x_wconf 55' lang='lat' dir='ltr'>punitum</span> <span class='ocrx_word' id='word_1_85' title='bbox 464 773 497 803; x_wconf 89' lang='lat' dir='ltr'>in</span> <span class='ocrx_word' id='word_1_86' title='bbox 530 776 572 803; x_wconf 74' lang='lat' dir='ltr'>A.</span> <span class='ocrx_word' id='word_1_87' title='bbox 598 781 673 801; x_wconf 88' lang='lat' dir='ltr'>cum</span> <span class='ocrx_word' id='word_1_88' title='bbox 695 771 729 801; x_wconf 81' lang='grc' dir='ltr'>Β.</span> <span class='ocrx_word' id='word_1_89' title='bbox 753 779 782 802; x_wconf 85' lang='lat'>1.</span> <span class='ocrx_word' id='word_1_90' title='bbox 860 773 893 811; x_wconf 87' lang='lat' dir='ltr'>p)</span> <span class='ocrx_word' id='word_1_91' title='bbox 921 773 990 812; x_wconf 70' lang='grc' dir='ltr'>ἐβς.</span> <span class='ocrx_word' id='word_1_92' title='bbox 1020 781 1078 812; x_wconf 85' lang='lat' dir='ltr'>per</span> <span class='ocrx_word' id='word_1_93' title='bbox 1104 772 1215 803; x_wconf 84' lang='lat' dir='ltr'>lenem</span> <span class='ocrx_word' id='word_1_94' title='bbox 1234 773 1285 805; x_wconf 89' lang='lat' dir='ltr'>Bs.</span> <span class='ocrx_word' id='word_1_95' title='bbox 1307 782 1337 806; x_wconf 88' lang='lat'>1.</span> <span class='ocrx_word' id='word_1_96' title='bbox 1358 775 1422 810; x_wconf 69' lang='lat' dir='ltr'>ah,</span> <span class='ocrx_word' id='word_1_97' title='bbox 1455 785 1489 805; x_wconf 87' lang='lat' dir='ltr'>v.</span> <span class='ocrx_word' id='word_1_98' title='bbox 1508 776 1558 808; x_wconf 88' lang='lat' dir='ltr'>N.</span> 
     </span>
     <span class='ocr_line' id='line_1_11' title="bbox 43 815 1560 863; baseline 0.001 -13"><span class='ocrx_word' id='word_1_99' title='bbox 43 819 85 863; x_wconf 82' lang='lat' dir='ltr'>q)</span> <span class='ocrx_word' id='word_1_100' title='bbox 113 821 176 851; x_wconf 70' lang='lat' dir='ltr'>MS.</span> <span class='ocrx_word' id='word_1_101' title='bbox 196 821 250 851; x_wconf 77' lang='lat' dir='ltr'>Ba.</span> <span class='ocrx_word' id='word_1_102' title='bbox 269 819 384 853; x_wconf 75' lang='grc' dir='ltr'>ἐπιδοῦς</span> <span class='ocrx_word' id='word_1_103' title='bbox 403 819 528 854; x_wconf 63' lang='grc' dir='ltr'>ἑαυτὸν,</span> <span class='ocrx_word' id='word_1_104' title='bbox 550 819 608 860; x_wconf 64' lang='grc' dir='ltr'>ἕεις.</span> <span class='ocrx_word' id='word_1_105' title='bbox 622 825 653 847; x_wconf 71' lang='grc' dir='ltr'>Α.</span> <span class='ocrx_word' id='word_1_106' title='bbox 666 838 677 853; x_wconf 90' lang='grc'><strong><em>,</em></strong></span> <span class='ocrx_word' id='word_1_107' title='bbox 700 815 813 851; x_wconf 86' lang='lat' dir='ltr'>v.N.,</span> <span class='ocrx_word' id='word_1_108' title='bbox 835 825 980 856; x_wconf 86' lang='lat' dir='ltr'>quorum</span> <span class='ocrx_word' id='word_1_109' title='bbox 999 826 1128 848; x_wconf 84' lang='lat' dir='ltr'>comma</span> <span class='ocrx_word' id='word_1_110' title='bbox 1145 818 1280 860; x_wconf 82' lang='lat' dir='ltr'>quidem</span> <span class='ocrx_word' id='word_1_111' title='bbox 1297 817 1368 861; x_wconf 87' lang='lat' dir='ltr'>post</span> <span class='ocrx_word' id='word_1_112' title='bbox 1377 820 1405 851; x_wconf 70' lang='grc' dir='ltr'>ἑ.</span> <span class='ocrx_word' id='word_1_113' title='bbox 1420 829 1560 863; x_wconf 86' lang='lat' dir='ltr'>quoque</span> 
     </span>
     <span class='ocr_line' id='line_1_12' title="bbox 45 859 967 900; baseline -0.002 -6"><span class='ocrx_word' id='word_1_114' title='bbox 45 861 79 894; x_wconf 84' lang='lat' dir='ltr'>in</span> <span class='ocrx_word' id='word_1_115' title='bbox 99 870 139 899; x_wconf 80' lang='grc' dir='ltr'>Α.</span> <span class='ocrx_word' id='word_1_116' title='bbox 159 864 202 896; x_wconf 80' lang='lat' dir='ltr'>al.</span> <span class='ocrx_word' id='word_1_117' title='bbox 215 885 227 900; x_wconf 90' lang='lat'><em>,</em></span> <span class='ocrx_word' id='word_1_118' title='bbox 258 872 295 894; x_wconf 89' lang='lat' dir='ltr'>ut</span> <span class='ocrx_word' id='word_1_119' title='bbox 315 863 418 894; x_wconf 87' lang='lat' dir='ltr'>colon</span> <span class='ocrx_word' id='word_1_120' title='bbox 436 862 470 894; x_wconf 84' lang='lat' dir='ltr'>in</span> <span class='ocrx_word' id='word_1_121' title='bbox 491 863 559 894; x_wconf 84' lang='lat' dir='ltr'>Pat.</span> <span class='ocrx_word' id='word_1_122' title='bbox 572 881 585 898; x_wconf 91' lang='lat'><em>,</em></span> <span class='ocrx_word' id='word_1_123' title='bbox 615 870 650 892; x_wconf 80' lang='lat' dir='ltr'>at</span> <span class='ocrx_word' id='word_1_124' title='bbox 666 861 700 892; x_wconf 88' lang='lat' dir='ltr'>in</span> <span class='ocrx_word' id='word_1_125' title='bbox 721 861 787 893; x_wconf 80' lang='lat' dir='ltr'>Ms.</span> <span class='ocrx_word' id='word_1_126' title='bbox 805 860 860 899; x_wconf 74' lang='lat' dir='ltr'>Bg.</span> <span class='ocrx_word' id='word_1_127' title='bbox 879 859 967 892; x_wconf 85' lang='lat' dir='ltr'>data.</span> 
     </span>
    </p>
   </div>
   <div class='ocr_carea' id='block_1_5' title="bbox 44 960 1571 2391">
    <p class='ocr_par' dir='ltr' id='par_1_5' title="bbox 44 960 1564 1701">
     <span class='ocr_line' id='line_1_13' title="bbox 46 960 1562 1012; baseline 0.004 -14"><span class='ocrx_word' id='word_1_128' title='bbox 46 975 159 1012; x_wconf 82' lang='lat' dir='ltr'>quarn</span> <span class='ocrx_word' id='word_1_129' title='bbox 181 962 389 1001; x_wconf 78' lang='lat' dir='ltr'>tacentibus</span> <span class='ocrx_word' id='word_1_130' title='bbox 408 964 455 1000; x_wconf 89' lang='lat' dir='ltr'>G.</span> <span class='ocrx_word' id='word_1_131' title='bbox 477 962 549 999; x_wconf 92' lang='lat' dir='ltr'>Th.</span> <span class='ocrx_word' id='word_1_132' title='bbox 570 972 610 998; x_wconf 89' lang='lat' dir='ltr'>et</span> <span class='ocrx_word' id='word_1_133' title='bbox 630 963 724 999; x_wconf 77' lang='lat' dir='ltr'>Hor.</span> <span class='ocrx_word' id='word_1_134' title='bbox 744 960 852 998; x_wconf 87' lang='lat' dir='ltr'>Turs.</span> <span class='ocrx_word' id='word_1_135' title='bbox 867 984 879 1002; x_wconf 84' lang='lat'>,</span> <span class='ocrx_word' id='word_1_136' title='bbox 914 972 956 998; x_wconf 89' lang='lat' dir='ltr'>ut</span> <span class='ocrx_word' id='word_1_137' title='bbox 975 964 1010 1000; x_wconf 77' lang='grc' dir='ltr'>δὲ</span> <span class='ocrx_word' id='word_1_138' title='bbox 1030 960 1073 999; x_wconf 77' lang='lat' dir='ltr'>sit</span> <span class='ocrx_word' id='word_1_139' title='bbox 1092 962 1132 999; x_wconf 88' lang='lat' dir='ltr'>in</span> <span class='ocrx_word' id='word_1_140' title='bbox 1151 976 1248 1000; x_wconf 81' lang='lat' dir='ltr'>nova</span> <span class='ocrx_word' id='word_1_141' title='bbox 1267 977 1327 1008; x_wconf 86' lang='lat' dir='ltr'>re,</span> <span class='ocrx_word' id='word_1_142' title='bbox 1350 962 1410 1001; x_wconf 83' lang='lat' dir='ltr'>sed</span> <span class='ocrx_word' id='word_1_143' title='bbox 1429 960 1485 1003; x_wconf 66' lang='grc' dir='ltr'>οὖν</span> <span class='ocrx_word' id='word_1_144' title='bbox 1502 978 1562 1004; x_wconf 85' lang='lat' dir='ltr'>re-</span> 
     </span>
     <span class='ocr_line' id='line_1_14' title="bbox 44 1009 1562 1064; baseline 0.003 -15"><span class='ocrx_word' id='word_1_145' title='bbox 44 1011 177 1062; x_wconf 86' lang='lat' dir='ltr'>spiciat</span> <span class='ocrx_word' id='word_1_146' title='bbox 192 1012 236 1048; x_wconf 86' lang='lat' dir='ltr'>ad</span> <span class='ocrx_word' id='word_1_147' title='bbox 259 1012 399 1060; x_wconf 85' lang='lat' dir='ltr'>priora,</span> <span class='ocrx_word' id='word_1_148' title='bbox 429 1025 447 1048; x_wconf 88' lang='lat' dir='ltr'>a</span> <span class='ocrx_word' id='word_1_149' title='bbox 466 1012 602 1059; x_wconf 86' lang='lat' dir='ltr'>quibus</span> <span class='ocrx_word' id='word_1_150' title='bbox 622 1009 810 1047; x_wconf 84' lang='lat' dir='ltr'>discessum</span> <span class='ocrx_word' id='word_1_151' title='bbox 830 1023 896 1057; x_wconf 85' lang='lat' dir='ltr'>per</span> <span class='ocrx_word' id='word_1_152' title='bbox 909 1011 1116 1058; x_wconf 85' lang='lat' dir='ltr'>episodium</span> <span class='ocrx_word' id='word_1_153' title='bbox 1134 1013 1286 1061; x_wconf 80' lang='lat' dir='ltr'>aliquod</span> <span class='ocrx_word' id='word_1_154' title='bbox 1300 1018 1378 1056; x_wconf 83' lang='lat'>2‚6,</span> <span class='ocrx_word' id='word_1_155' title='bbox 1394 1027 1450 1051; x_wconf 86' lang='lat'>20.</span> <span class='ocrx_word' id='word_1_156' title='bbox 1461 1014 1562 1064; x_wconf 88' lang='lat' dir='ltr'>sqq.)</span> 
     </span>
     <span class='ocr_line' id='line_1_15' title="bbox 46 1059 1564 1112; baseline 0.001 -12"><span class='ocrx_word' id='word_1_157' title='bbox 46 1075 129 1100; x_wconf 82' lang='lat' dir='ltr'>turn</span> <span class='ocrx_word' id='word_1_158' title='bbox 151 1060 456 1098; x_wconf 79' lang='lat' dir='ltr'>enunciationem</span> <span class='ocrx_word' id='word_1_159' title='bbox 480 1073 563 1096; x_wconf 88' lang='lat' dir='ltr'>cum</span> <span class='ocrx_word' id='word_1_160' title='bbox 584 1060 711 1106; x_wconf 83' lang='lat' dir='ltr'>partic.</span> <span class='ocrx_word' id='word_1_161' title='bbox 730 1065 803 1098; x_wconf 72' lang='grc' dir='ltr'>ἐπεὶ</span> <span class='ocrx_word' id='word_1_162' title='bbox 824 1060 863 1096; x_wconf 88' lang='lat' dir='ltr'>in</span> <span class='ocrx_word' id='word_1_163' title='bbox 884 1059 959 1106; x_wconf 81' lang='lat' dir='ltr'>syn.</span> <span class='ocrx_word' id='word_1_164' title='bbox 983 1075 1002 1097; x_wconf 90' lang='lat' dir='ltr'>e</span> <span class='ocrx_word' id='word_1_165' title='bbox 1024 1061 1193 1109; x_wconf 87' lang='lat' dir='ltr'>particip.</span> <span class='ocrx_word' id='word_1_166' title='bbox 1211 1075 1389 1100; x_wconf 83' lang='lat' dir='ltr'>mutatam</span> <span class='ocrx_word' id='word_1_167' title='bbox 1403 1089 1413 1105; x_wconf 88' lang='lat'><em>,</em></span> <span class='ocrx_word' id='word_1_168' title='bbox 1449 1066 1564 1112; x_wconf 84' lang='lat' dir='ltr'>plane</span> 
     </span>
     <span class='ocr_line' id='line_1_16' title="bbox 45 1108 1563 1163; baseline 0.001 -14"><span class='ocrx_word' id='word_1_169' title='bbox 45 1124 133 1149; x_wconf 88' lang='lat' dir='ltr'>cum</span> <span class='ocrx_word' id='word_1_170' title='bbox 155 1112 191 1146; x_wconf 88' lang='lat' dir='ltr'>P.</span> <span class='ocrx_word' id='word_1_171' title='bbox 212 1110 252 1146; x_wconf 88' lang='lat' dir='ltr'>in</span> <span class='ocrx_word' id='word_1_172' title='bbox 274 1112 352 1147; x_wconf 81' lang='lat' dir='ltr'>Lar.</span> <span class='ocrx_word' id='word_1_173' title='bbox 373 1109 548 1147; x_wconf 80' lang='lat' dir='ltr'>liberiore</span> <span class='ocrx_word' id='word_1_174' title='bbox 568 1108 728 1146; x_wconf 79' lang='lat' dir='ltr'>faciente</span> <span class='ocrx_word' id='word_1_175' title='bbox 750 1111 811 1146; x_wconf 87' lang='lat' dir='ltr'>Vs.</span> <span class='ocrx_word' id='word_1_176' title='bbox 833 1110 877 1145; x_wconf 88' lang='lat' dir='ltr'>ad</span> <span class='ocrx_word' id='word_1_177' title='bbox 898 1110 1022 1153; x_wconf 82' lang='lat' dir='ltr'>Suid.,</span> <span class='ocrx_word' id='word_1_178' title='bbox 1059 1123 1096 1146; x_wconf 86' lang='lat' dir='ltr'>at</span> <span class='ocrx_word' id='word_1_179' title='bbox 1116 1111 1156 1147; x_wconf 90' lang='lat' dir='ltr'>in</span> <span class='ocrx_word' id='word_1_180' title='bbox 1177 1110 1362 1150; x_wconf 82' lang='lat' dir='ltr'>viciniore</span> <span class='ocrx_word' id='word_1_181' title='bbox 1383 1116 1444 1163; x_wconf 79' lang='lat' dir='ltr'>Bg.</span> <span class='ocrx_word' id='word_1_182' title='bbox 1464 1113 1563 1151; x_wconf 82' lang='lat' dir='ltr'>nihil</span> 
     </span>
     <span class='ocr_line' id='line_1_17' title="bbox 45 1157 1560 1211; baseline 0.002 -13"><span class='ocrx_word' id='word_1_183' title='bbox 45 1162 248 1211; x_wconf 78' lang='lat' dir='ltr'>praebente</span> <span class='ocrx_word' id='word_1_184' title='bbox 267 1160 314 1197; x_wconf 93' lang='lat' dir='ltr'>G.</span> <span class='ocrx_word' id='word_1_185' title='bbox 332 1160 407 1196; x_wconf 86' lang='lat' dir='ltr'>Th.</span> <span class='ocrx_word' id='word_1_186' title='bbox 421 1183 433 1201; x_wconf 91' lang='lat'><em>‚</em></span> <span class='ocrx_word' id='word_1_187' title='bbox 458 1171 568 1206; x_wconf 81' lang='lat' dir='ltr'>quam</span> <span class='ocrx_word' id='word_1_188' title='bbox 588 1158 628 1194; x_wconf 91' lang='lat' dir='ltr'>in</span> <span class='ocrx_word' id='word_1_189' title='bbox 649 1157 820 1206; x_wconf 83' lang='lat' dir='ltr'>particip.</span> <span class='ocrx_word' id='word_1_190' title='bbox 839 1158 947 1195; x_wconf 78' lang='lat' dir='ltr'>affine</span> <span class='ocrx_word' id='word_1_191' title='bbox 965 1159 1182 1209; x_wconf 64' lang='lat' dir='ltr'>ingr-effis—</span> <span class='ocrx_word' id='word_1_192' title='bbox 1201 1162 1441 1205; x_wconf 77' lang='lat' dir='ltr'>tribunatum,</span> <span class='ocrx_word' id='word_1_193' title='bbox 1469 1163 1560 1201; x_wconf 84' lang='lat' dir='ltr'>dum</span> 
     </span>
     <span class='ocr_line' id='line_1_18' title="bbox 47 1208 1563 1258; baseline 0.002 -11"><span class='ocrx_word' id='word_1_194' title='bbox 47 1213 127 1258; x_wconf 89' lang='lat' dir='ltr'>Stp.</span> <span class='ocrx_word' id='word_1_195' title='bbox 149 1210 225 1245; x_wconf 81' lang='lat' dir='ltr'>Th.</span> <span class='ocrx_word' id='word_1_196' title='bbox 259 1208 299 1245; x_wconf 88' lang='lat' dir='ltr'>in</span> <span class='ocrx_word' id='word_1_197' title='bbox 322 1222 354 1245; x_wconf 86' lang='lat' dir='ltr'>v.</span> <span class='ocrx_word' id='word_1_198' title='bbox 379 1209 443 1245; x_wconf 89' lang='lat' dir='ltr'>Gr.</span> <span class='ocrx_word' id='word_1_199' title='bbox 465 1219 572 1244; x_wconf 86' lang='lat' dir='ltr'>tenet</span> <span class='ocrx_word' id='word_1_200' title='bbox 599 1209 752 1256; x_wconf 88' lang='lat' dir='ltr'>quidem</span> <span class='ocrx_word' id='word_1_201' title='bbox 774 1210 859 1257; x_wconf 67' lang='lat' dir='ltr'>Bg..</span> <span class='ocrx_word' id='word_1_202' title='bbox 895 1221 974 1244; x_wconf 78' lang='lat' dir='ltr'>non</span> <span class='ocrx_word' id='word_1_203' title='bbox 1000 1210 1090 1246; x_wconf 82' lang='lat' dir='ltr'>item</span> <span class='ocrx_word' id='word_1_204' title='bbox 1112 1209 1312 1247; x_wconf 87' lang='lat' dir='ltr'>formulam</span> <span class='ocrx_word' id='word_1_205' title='bbox 1339 1223 1479 1253; x_wconf 86' lang='lat' dir='ltr'>totam,</span> <span class='ocrx_word' id='word_1_206' title='bbox 1513 1214 1563 1250; x_wconf 76' lang='lat' dir='ltr'>de</span> 
     </span>
     <span class='ocr_line' id='line_1_19' title="bbox 47 1257 1560 1309; baseline 0.001 -13"><span class='ocrx_word' id='word_1_207' title='bbox 47 1272 121 1309; x_wconf 88' lang='lat' dir='ltr'>qua</span> <span class='ocrx_word' id='word_1_208' title='bbox 139 1267 308 1295; x_wconf 82' lang='lat' dir='ltr'>notatam</span> <span class='ocrx_word' id='word_1_209' title='bbox 329 1259 378 1295; x_wconf 90' lang='lat' dir='ltr'>N.</span> <span class='ocrx_word' id='word_1_210' title='bbox 400 1260 443 1295; x_wconf 87' lang='lat' dir='ltr'>ad</span> <span class='ocrx_word' id='word_1_211' title='bbox 461 1259 560 1294; x_wconf 84' lang='lat' dir='ltr'>Max.</span> <span class='ocrx_word' id='word_1_212' title='bbox 581 1258 671 1307; x_wconf 84' lang='lat' dir='ltr'>Tyr.</span> <span class='ocrx_word' id='word_1_213' title='bbox 692 1271 725 1306; x_wconf 89' lang='lat' dir='ltr'>p.</span> <span class='ocrx_word' id='word_1_214' title='bbox 743 1267 823 1302; x_wconf 77' lang='lat'>578.</span> <span class='ocrx_word' id='word_1_215' title='bbox 844 1269 883 1294; x_wconf 88' lang='lat' dir='ltr'>et</span> <span class='ocrx_word' id='word_1_216' title='bbox 902 1257 1028 1295; x_wconf 74' lang='lat' dir='ltr'>affines</span> <span class='ocrx_word' id='word_1_217' title='bbox 1050 1271 1106 1306; x_wconf 88' lang='lat' dir='ltr'>ap.</span> <span class='ocrx_word' id='word_1_218' title='bbox 1121 1262 1205 1296; x_wconf 87' lang='lat' dir='ltr'>Ael.</span> <span class='ocrx_word' id='word_1_219' title='bbox 1226 1261 1269 1296; x_wconf 91' lang='lat' dir='ltr'>V.</span> <span class='ocrx_word' id='word_1_220' title='bbox 1289 1260 1375 1302; x_wconf 80' lang='lat' dir='ltr'>h.2,</span> <span class='ocrx_word' id='word_1_221' title='bbox 1392 1275 1447 1304; x_wconf 84' lang='lat'>17.</span> <span class='ocrx_word' id='word_1_222' title='bbox 1471 1262 1494 1298; x_wconf 88' lang='lat' dir='ltr'>i.</span> <span class='ocrx_word' id='word_1_223' title='bbox 1514 1268 1560 1306; x_wconf 74' lang='grc' dir='ltr'>εἷς</span> 
     </span>
     <span class='ocr_line' id='line_1_20' title="bbox 46 1308 1561 1355; baseline 0.003 -10"><span class='ocrx_word' id='word_1_224' title='bbox 46 1317 106 1353; x_wconf 67' lang='grc' dir='ltr'>τὴν</span> <span class='ocrx_word' id='word_1_225' title='bbox 121 1313 298 1354; x_wconf 72' lang='grc' dir='ltr'><em>βασιλείαν</em></span> <span class='ocrx_word' id='word_1_226' title='bbox 318 1315 382 1346; x_wconf 72' lang='grc' dir='ltr'>τῶν</span> <span class='ocrx_word' id='word_1_227' title='bbox 401 1316 581 1354; x_wconf 59' lang='grc' dir='ltr'>Περσῶν-</span> <span class='ocrx_word' id='word_1_228' title='bbox 600 1325 659 1349; x_wconf 65' lang='grc' dir='ltr'>ππ,</span> <span class='ocrx_word' id='word_1_229' title='bbox 685 1319 801 1355; x_wconf 83' lang='lat' dir='ltr'>quum</span> <span class='ocrx_word' id='word_1_230' title='bbox 820 1320 968 1355; x_wconf 80' lang='lat' dir='ltr'>regnum</span> <span class='ocrx_word' id='word_1_231' title='bbox 989 1308 1177 1345; x_wconf 78' lang='lat' dir='ltr'>Persarum</span> <span class='ocrx_word' id='word_1_232' title='bbox 1195 1329 1235 1338; x_wconf 86' lang='lat'>-</span> <span class='ocrx_word' id='word_1_233' title='bbox 1253 1311 1395 1353; x_wconf 77' lang='lat' dir='ltr'>adiret,</span> <span class='ocrx_word' id='word_1_234' title='bbox 1419 1311 1458 1348; x_wconf 89' lang='lat' dir='ltr'>in</span> <span class='ocrx_word' id='word_1_235' title='bbox 1479 1311 1561 1349; x_wconf 70' lang='lat' dir='ltr'>ind.</span> 
     </span>
     <span class='ocr_line' id='line_1_21' title="bbox 50 1357 1563 1406; baseline 0.005 -15"><span class='ocrx_word' id='word_1_236' title='bbox 50 1359 125 1401; x_wconf 80' lang='lat' dir='ltr'>„ad</span> <span class='ocrx_word' id='word_1_237' title='bbox 148 1370 295 1406; x_wconf 87' lang='lat' dir='ltr'>regnum</span> <span class='ocrx_word' id='word_1_238' title='bbox 313 1357 517 1406; x_wconf 83' lang='lat' dir='ltr'>regendum</span> <span class='ocrx_word' id='word_1_239' title='bbox 547 1359 742 1392; x_wconf 78' lang='lat' dir='ltr'>accedens“</span> <span class='ocrx_word' id='word_1_240' title='bbox 771 1358 880 1393; x_wconf 87' lang='lat' dir='ltr'>Dem.</span> <span class='ocrx_word' id='word_1_241' title='bbox 902 1357 977 1393; x_wconf 78' lang='lat' dir='ltr'>fine</span> <span class='ocrx_word' id='word_1_242' title='bbox 997 1359 1062 1394; x_wconf 86' lang='lat' dir='ltr'>Vs.</span> <span class='ocrx_word' id='word_1_243' title='bbox 1081 1376 1118 1396; x_wconf 76' lang='grc' dir='ltr'>π.</span> <span class='ocrx_word' id='word_1_244' title='bbox 1138 1363 1184 1401; x_wconf 79' lang='grc' dir='ltr'>εἷς</span> <span class='ocrx_word' id='word_1_245' title='bbox 1203 1358 1262 1401; x_wconf 56' lang='grc' dir='ltr'>τὴν</span> <span class='ocrx_word' id='word_1_246' title='bbox 1286 1364 1458 1398; x_wconf 59' lang='lat' dir='ltr'>§vunnim</span> <span class='ocrx_word' id='word_1_247' title='bbox 1471 1387 1481 1403; x_wconf 97' lang='lat'>,</span> <span class='ocrx_word' id='word_1_248' title='bbox 1518 1362 1563 1401; x_wconf 85' lang='lat' dir='ltr'>it.</span> 
     </span>
     <span class='ocr_line' id='line_1_22' title="bbox 47 1405 1561 1454; baseline 0.001 -10"><span class='ocrx_word' id='word_1_249' title='bbox 47 1409 167 1447; x_wconf 88' lang='lat' dir='ltr'>Dion.</span> <span class='ocrx_word' id='word_1_250' title='bbox 189 1408 237 1442; x_wconf 89' lang='lat' dir='ltr'>H.</span> <span class='ocrx_word' id='word_1_251' title='bbox 258 1406 345 1443; x_wconf 72' lang='lat' dir='ltr'>Rsk.</span> <span class='ocrx_word' id='word_1_252' title='bbox 369 1407 413 1442; x_wconf 90' lang='lat' dir='ltr'>V.</span> <span class='ocrx_word' id='word_1_253' title='bbox 434 1418 467 1443; x_wconf 83' lang='lat'>2.</span> <span class='ocrx_word' id='word_1_254' title='bbox 491 1419 525 1453; x_wconf 90' lang='lat' dir='ltr'>p.</span> <span class='ocrx_word' id='word_1_255' title='bbox 541 1416 623 1452; x_wconf 81' lang='lat'>829.</span> <span class='ocrx_word' id='word_1_256' title='bbox 643 1406 667 1442; x_wconf 88' lang='grc' dir='ltr'>Ι.</span> <span class='ocrx_word' id='word_1_257' title='bbox 686 1418 762 1446; x_wconf 83' lang='lat'>11.‚</span> <span class='ocrx_word' id='word_1_258' title='bbox 799 1406 865 1454; x_wconf 86' lang='lat' dir='ltr'>qui</span> <span class='ocrx_word' id='word_1_259' title='bbox 893 1405 942 1442; x_wconf 90' lang='lat' dir='ltr'>est</span> <span class='ocrx_word' id='word_1_260' title='bbox 971 1406 1071 1444; x_wconf 86' lang='lat' dir='ltr'>forte</span> <span class='ocrx_word' id='word_1_261' title='bbox 1098 1408 1203 1445; x_wconf 83' lang='lat' dir='ltr'>locus</span> <span class='ocrx_word' id='word_1_262' title='bbox 1225 1409 1304 1444; x_wconf 87' lang='lat' dir='ltr'>Ind.</span> <span class='ocrx_word' id='word_1_263' title='bbox 1324 1412 1386 1447; x_wconf 85' lang='lat' dir='ltr'>Sb.</span> <span class='ocrx_word' id='word_1_264' title='bbox 1407 1412 1464 1447; x_wconf 85' lang='lat' dir='ltr'>ed.</span> <span class='ocrx_word' id='word_1_265' title='bbox 1493 1428 1561 1451; x_wconf 72' lang='grc' dir='ltr'>υτ.</span> 
     </span>
     <span class='ocr_line' id='line_1_23' title="bbox 49 1455 1563 1504; baseline 0.003 -12"><span class='ocrx_word' id='word_1_266' title='bbox 49 1463 95 1501; x_wconf 68' lang='grc' dir='ltr'>εἷς</span> <span class='ocrx_word' id='word_1_267' title='bbox 111 1462 175 1498; x_wconf 66' lang='grc' dir='ltr'>τὰς</span> <span class='ocrx_word' id='word_1_268' title='bbox 195 1460 369 1498; x_wconf 63' lang='grc' dir='ltr'><strong><em>πολιτικὰς</em></strong></span> <span class='ocrx_word' id='word_1_269' title='bbox 389 1458 550 1501; x_wconf 64' lang='grc' dir='ltr'>πράξεις,</span> <span class='ocrx_word' id='word_1_270' title='bbox 583 1457 697 1491; x_wconf 80' lang='lat' dir='ltr'>acced.</span> <span class='ocrx_word' id='word_1_271' title='bbox 716 1455 761 1491; x_wconf 88' lang='lat' dir='ltr'>ad</span> <span class='ocrx_word' id='word_1_272' title='bbox 781 1464 916 1504; x_wconf 84' lang='lat' dir='ltr'>remp.“</span> <span class='ocrx_word' id='word_1_273' title='bbox 943 1457 987 1491; x_wconf 81' lang='lat' dir='ltr'>ad</span> <span class='ocrx_word' id='word_1_274' title='bbox 1008 1457 1117 1499; x_wconf 84' lang='lat' dir='ltr'>latus,</span> <span class='ocrx_word' id='word_1_275' title='bbox 1139 1455 1277 1504; x_wconf 76' lang='lat' dir='ltr'>acceffit</span> <span class='ocrx_word' id='word_1_276' title='bbox 1299 1459 1343 1494; x_wconf 87' lang='lat' dir='ltr'>ad</span> <span class='ocrx_word' id='word_1_277' title='bbox 1365 1460 1563 1497; x_wconf 56' lang='lat' dir='ltr'>trudanda</span> 
     </span>
     <span class='ocr_line' id='line_1_24' title="bbox 48 1505 1563 1554; baseline 0.003 -14"><span class='ocrx_word' id='word_1_278' title='bbox 48 1505 204 1554; x_wconf 81' lang='lat' dir='ltr'>negotia</span> <span class='ocrx_word' id='word_1_279' title='bbox 222 1506 347 1541; x_wconf 75' lang='lat' dir='ltr'>civilia</span> <span class='ocrx_word' id='word_1_280' title='bbox 360 1530 371 1547; x_wconf 88' lang='lat'>‚</span> <span class='ocrx_word' id='word_1_281' title='bbox 408 1505 472 1540; x_wconf 93' lang='lat' dir='ltr'>ubi</span> <span class='ocrx_word' id='word_1_282' title='bbox 493 1505 655 1541; x_wconf 86' lang='lat' dir='ltr'>servatur</span> <span class='ocrx_word' id='word_1_283' title='bbox 675 1505 813 1553; x_wconf 83' lang='lat' dir='ltr'>duplex</span> <span class='ocrx_word' id='word_1_284' title='bbox 833 1518 956 1552; x_wconf 78' lang='lat' dir='ltr'>praep.</span> <span class='ocrx_word' id='word_1_285' title='bbox 969 1527 978 1543; x_wconf 72' lang='lat'><em>2</em></span> <span class='ocrx_word' id='word_1_286' title='bbox 1006 1507 1139 1542; x_wconf 83' lang='lat' dir='ltr'>eodem</span> <span class='ocrx_word' id='word_1_287' title='bbox 1152 1507 1231 1545; x_wconf 85' lang='lat' dir='ltr'>Lat.</span> <span class='ocrx_word' id='word_1_288' title='bbox 1251 1519 1289 1544; x_wconf 87' lang='lat' dir='ltr'>et</span> <span class='ocrx_word' id='word_1_289' title='bbox 1308 1508 1387 1544; x_wconf 85' lang='lat' dir='ltr'>aliis</span> <span class='ocrx_word' id='word_1_290' title='bbox 1402 1509 1563 1546; x_wconf 86' lang='lat' dir='ltr'>redden-</span> 
     </span>
     <span class='ocr_line' id='line_1_25' title="bbox 51 1553 1564 1604; baseline 0 -10"><span class='ocrx_word' id='word_1_291' title='bbox 51 1557 175 1598; x_wconf 72' lang='lat' dir='ltr'>tibus,</span> <span class='ocrx_word' id='word_1_292' title='bbox 212 1553 261 1590; x_wconf 86' lang='lat' dir='ltr'>cf.</span> <span class='ocrx_word' id='word_1_293' title='bbox 282 1554 403 1591; x_wconf 84' lang='lat' dir='ltr'>Thuc.</span> <span class='ocrx_word' id='word_1_294' title='bbox 424 1553 504 1589; x_wconf 86' lang='lat' dir='ltr'>lnd.</span> <span class='ocrx_word' id='word_1_295' title='bbox 521 1553 607 1590; x_wconf 89' lang='lat' dir='ltr'>loco</span> <span class='ocrx_word' id='word_1_296' title='bbox 627 1566 718 1591; x_wconf 84' lang='lat' dir='ltr'>extr.</span> <span class='ocrx_word' id='word_1_297' title='bbox 732 1578 744 1595; x_wconf 89' lang='lat'><strong>,</strong></span> <span class='ocrx_word' id='word_1_298' title='bbox 779 1554 838 1591; x_wconf 89' lang='lat' dir='ltr'>sed</span> <span class='ocrx_word' id='word_1_299' title='bbox 866 1565 908 1590; x_wconf 87' lang='lat' dir='ltr'>ut</span> <span class='ocrx_word' id='word_1_300' title='bbox 937 1567 1054 1603; x_wconf 78' lang='lat' dir='ltr'>aeque</span> <span class='ocrx_word' id='word_1_301' title='bbox 1073 1569 1138 1602; x_wconf 88' lang='lat' dir='ltr'>pro</span> <span class='ocrx_word' id='word_1_302' title='bbox 1159 1556 1275 1604; x_wconf 78' lang='lat' dir='ltr'>simpl.</span> <span class='ocrx_word' id='word_1_303' title='bbox 1299 1555 1378 1600; x_wconf 58' lang='lat'>{29-</span> <span class='ocrx_word' id='word_1_304' title='bbox 1398 1559 1564 1596; x_wconf 77' lang='lat' dir='ltr'>sumatur</span> 
     </span>
     <span class='ocr_line' id='line_1_26' title="bbox 50 1602 1564 1652; baseline 0.003 -12"><span class='ocrx_word' id='word_1_305' title='bbox 50 1607 100 1643; x_wconf 73' lang='grc' dir='ltr'>οδ</span> <span class='ocrx_word' id='word_1_306' title='bbox 115 1605 167 1652; x_wconf 78' lang='lat' dir='ltr'>sq.</span> <span class='ocrx_word' id='word_1_307' title='bbox 188 1603 295 1640; x_wconf 87' lang='lat' dir='ltr'>aliam</span> <span class='ocrx_word' id='word_1_308' title='bbox 318 1615 442 1650; x_wconf 81' lang='lat' dir='ltr'>praep.</span> <span class='ocrx_word' id='word_1_309' title='bbox 457 1628 468 1645; x_wconf 85' lang='lat'>‚</span> <span class='ocrx_word' id='word_1_310' title='bbox 503 1614 544 1641; x_wconf 88' lang='lat' dir='ltr'>ut</span> <span class='ocrx_word' id='word_1_311' title='bbox 567 1616 605 1640; x_wconf 88' lang='lat' dir='ltr'>et</span> <span class='ocrx_word' id='word_1_312' title='bbox 637 1617 702 1650; x_wconf 85' lang='lat' dir='ltr'>per</span> <span class='ocrx_word' id='word_1_313' title='bbox 728 1602 846 1652; x_wconf 74' lang='lat' dir='ltr'>simpl.</span> <span class='ocrx_word' id='word_1_314' title='bbox 868 1605 947 1639; x_wconf 82' lang='lat' dir='ltr'>Lat.</span> <span class='ocrx_word' id='word_1_315' title='bbox 971 1607 1095 1641; x_wconf 80' lang='lat' dir='ltr'>venire</span> <span class='ocrx_word' id='word_1_316' title='bbox 1125 1616 1302 1650; x_wconf 84' lang='lat' dir='ltr'>vertunt,</span> <span class='ocrx_word' id='word_1_317' title='bbox 1337 1606 1386 1646; x_wconf 87' lang='lat' dir='ltr'>cf.</span> <span class='ocrx_word' id='word_1_318' title='bbox 1407 1607 1456 1645; x_wconf 88' lang='lat' dir='ltr'>ib.</span> <span class='ocrx_word' id='word_1_319' title='bbox 1475 1608 1564 1644; x_wconf 85' lang='lat' dir='ltr'>loco</span> 
     </span>
     <span class='ocr_line' id='line_1_27' title="bbox 49 1652 886 1701; baseline -0.004 -10"><span class='ocrx_word' id='word_1_320' title='bbox 49 1652 210 1693; x_wconf 82' lang='lat' dir='ltr'>secundo</span> <span class='ocrx_word' id='word_1_321' title='bbox 232 1664 270 1690; x_wconf 88' lang='lat' dir='ltr'>et</span> <span class='ocrx_word' id='word_1_322' title='bbox 290 1653 386 1690; x_wconf 84' lang='lat' dir='ltr'>Plut.</span> <span class='ocrx_word' id='word_1_323' title='bbox 405 1653 493 1701; x_wconf 82' lang='lat' dir='ltr'>Krg.</span> <span class='ocrx_word' id='word_1_324' title='bbox 509 1677 520 1693; x_wconf 91' lang='lat'><strong>‚</strong></span> <span class='ocrx_word' id='word_1_325' title='bbox 555 1652 596 1689; x_wconf 87' lang='lat' dir='ltr'>it.</span> <span class='ocrx_word' id='word_1_326' title='bbox 615 1654 721 1701; x_wconf 85' lang='lat' dir='ltr'>supra</span> <span class='ocrx_word' id='word_1_327' title='bbox 743 1667 777 1690; x_wconf 75' lang='lat'>2.</span> <span class='ocrx_word' id='word_1_328' title='bbox 799 1664 833 1699; x_wconf 87' lang='lat'>3,</span> <span class='ocrx_word' id='word_1_329' title='bbox 852 1664 886 1700; x_wconf 86' lang='lat'>3.</span> 
     </span>
    </p>

    <p class='ocr_par' dir='ltr' id='par_1_6' title="bbox 46 1699 1565 2033">
     <span class='ocr_line' id='line_1_28' title="bbox 96 1699 1565 1753; baseline 0.002 -13"><span class='ocrx_word' id='word_1_330' title='bbox 96 1703 272 1750; x_wconf 65' lang='lat' dir='ltr'>agenn-u.)</span> <span class='ocrx_word' id='word_1_331' title='bbox 300 1704 371 1738; x_wconf 84' lang='lat' dir='ltr'>Ms.</span> <span class='ocrx_word' id='word_1_332' title='bbox 394 1713 570 1738; x_wconf 85' lang='lat' dir='ltr'>numerus</span> <span class='ocrx_word' id='word_1_333' title='bbox 590 1701 682 1738; x_wconf 86' lang='lat' dir='ltr'>alius</span> <span class='ocrx_word' id='word_1_334' title='bbox 702 1701 788 1751; x_wconf 76' lang='lat' dir='ltr'>ling.</span> <span class='ocrx_word' id='word_1_335' title='bbox 809 1715 829 1738; x_wconf 89' lang='lat' dir='ltr'>e</span> <span class='ocrx_word' id='word_1_336' title='bbox 849 1701 956 1750; x_wconf 73' lang='lat' dir='ltr'>glossa</span> <span class='ocrx_word' id='word_1_337' title='bbox 979 1699 1039 1744; x_wconf 86' lang='lat' dir='ltr'>est,</span> <span class='ocrx_word' id='word_1_338' title='bbox 1067 1703 1126 1739; x_wconf 86' lang='lat' dir='ltr'>vel</span> <span class='ocrx_word' id='word_1_339' title='bbox 1147 1702 1191 1739; x_wconf 83' lang='lat' dir='ltr'>ad</span> <span class='ocrx_word' id='word_1_340' title='bbox 1210 1703 1423 1742; x_wconf 79' lang='lat' dir='ltr'>variandum</span> <span class='ocrx_word' id='word_1_341' title='bbox 1447 1718 1514 1753; x_wconf 90' lang='lat' dir='ltr'>pro</span> <span class='ocrx_word' id='word_1_342' title='bbox 1530 1717 1565 1749; x_wconf 79' lang='grc' dir='ltr'>ι.</span> 
     </span>
     <span class='ocr_line' id='line_1_29' title="bbox 50 1751 1565 1800; baseline 0.004 -13"><span class='ocrx_word' id='word_1_343' title='bbox 50 1761 87 1794; x_wconf 69' lang='lat'>⁸,</span> <span class='ocrx_word' id='word_1_344' title='bbox 107 1766 140 1787; x_wconf 88' lang='lat'>2.</span> <span class='ocrx_word' id='word_1_345' title='bbox 160 1764 218 1793; x_wconf 86' lang='lat' dir='ltr'>e.,</span> <span class='ocrx_word' id='word_1_346' title='bbox 245 1753 304 1788; x_wconf 88' lang='lat' dir='ltr'>vel</span> <span class='ocrx_word' id='word_1_347' title='bbox 323 1765 344 1788; x_wconf 90' lang='lat' dir='ltr'>e</span> <span class='ocrx_word' id='word_1_348' title='bbox 365 1751 466 1791; x_wconf 67' lang='lat' dir='ltr'>Lae„</span> <span class='ocrx_word' id='word_1_349' title='bbox 495 1751 595 1786; x_wconf 87' lang='lat' dir='ltr'>unde</span> <span class='ocrx_word' id='word_1_350' title='bbox 618 1752 755 1787; x_wconf 82' lang='lat' dir='ltr'>iterum</span> <span class='ocrx_word' id='word_1_351' title='bbox 775 1751 815 1786; x_wconf 88' lang='lat' dir='ltr'>P.</span> <span class='ocrx_word' id='word_1_352' title='bbox 831 1762 869 1786; x_wconf 85' lang='lat' dir='ltr'>et</span> <span class='ocrx_word' id='word_1_353' title='bbox 889 1753 952 1798; x_wconf 79' lang='lat' dir='ltr'>Bg.</span> <span class='ocrx_word' id='word_1_354' title='bbox 972 1753 1132 1792; x_wconf 74' lang='lat' dir='ltr'>habent,</span> <span class='ocrx_word' id='word_1_355' title='bbox 1159 1752 1326 1789; x_wconf 80' lang='lat' dir='ltr'>servante</span> <span class='ocrx_word' id='word_1_356' title='bbox 1344 1755 1565 1800; x_wconf 85' lang='lat' dir='ltr'>plur.etiam</span> 
     </span>
     <span class='ocr_line' id='line_1_30' title="bbox 46 1798 1565 1850; baseline 0.003 -14"><span class='ocrx_word' id='word_1_357' title='bbox 46 1800 151 1838; x_wconf 90' lang='lat' dir='ltr'>Suid.</span> <span class='ocrx_word' id='word_1_358' title='bbox 173 1800 201 1835; x_wconf 87' lang='grc' dir='ltr'>Ι.</span> <span class='ocrx_word' id='word_1_359' title='bbox 223 1800 271 1842; x_wconf 90' lang='lat' dir='ltr'>l.,</span> <span class='ocrx_word' id='word_1_360' title='bbox 299 1811 336 1835; x_wconf 82' lang='lat' dir='ltr'>at</span> <span class='ocrx_word' id='word_1_361' title='bbox 355 1798 504 1836; x_wconf 80' lang='lat' dir='ltr'>librario</span> <span class='ocrx_word' id='word_1_362' title='bbox 524 1799 625 1835; x_wconf 90' lang='lat' dir='ltr'>forte</span> <span class='ocrx_word' id='word_1_363' title='bbox 642 1799 792 1836; x_wconf 88' lang='lat' dir='ltr'>mollius</span> <span class='ocrx_word' id='word_1_364' title='bbox 811 1799 902 1846; x_wconf 86' lang='lat' dir='ltr'>quid</span> <span class='ocrx_word' id='word_1_365' title='bbox 922 1798 1130 1847; x_wconf 65' lang='grc' dir='ltr'>Γρεξὶεῑηέε,</span> <span class='ocrx_word' id='word_1_366' title='bbox 1160 1802 1285 1837; x_wconf 86' lang='lat' dir='ltr'>vitatis</span> <span class='ocrx_word' id='word_1_367' title='bbox 1306 1803 1453 1850; x_wconf 84' lang='lat' dir='ltr'>syllabis</span> <span class='ocrx_word' id='word_1_368' title='bbox 1464 1804 1565 1840; x_wconf 82' lang='lat' dir='ltr'>eius·</span> 
     </span>
     <span class='ocr_line' id='line_1_31' title="bbox 48 1848 1564 1897; baseline 0.003 -12"><span class='ocrx_word' id='word_1_369' title='bbox 48 1849 136 1885; x_wconf 86' lang='lat' dir='ltr'>dem</span> <span class='ocrx_word' id='word_1_370' title='bbox 157 1848 238 1884; x_wconf 90' lang='lat' dir='ltr'>soni</span> <span class='ocrx_word' id='word_1_371' title='bbox 261 1863 361 1890; x_wconf 72' lang='grc' dir='ltr'>αις-</span> <span class='ocrx_word' id='word_1_372' title='bbox 380 1852 459 1892; x_wconf 74' lang='grc' dir='ltr'>ἔσχ.</span> <span class='ocrx_word' id='word_1_373' title='bbox 479 1859 610 1883; x_wconf 79' lang='lat' dir='ltr'>contra</span> <span class='ocrx_word' id='word_1_374' title='bbox 629 1849 734 1884; x_wconf 82' lang='lat' dir='ltr'>usum</span> <span class='ocrx_word' id='word_1_375' title='bbox 755 1848 902 1889; x_wconf 82' lang='lat' dir='ltr'>Nostri,</span> <span class='ocrx_word' id='word_1_376' title='bbox 939 1850 1002 1897; x_wconf 87' lang='lat' dir='ltr'>qui</span> <span class='ocrx_word' id='word_1_377' title='bbox 1034 1861 1105 1885; x_wconf 85' lang='lat' dir='ltr'>nec</span> <span class='ocrx_word' id='word_1_378' title='bbox 1124 1850 1240 1887; x_wconf 83' lang='lat' dir='ltr'>variat</span> <span class='ocrx_word' id='word_1_379' title='bbox 1265 1863 1351 1887; x_wconf 88' lang='lat' dir='ltr'>cum</span> <span class='ocrx_word' id='word_1_380' title='bbox 1367 1853 1390 1888; x_wconf 90' lang='lat' dir='ltr'>l.</span> <span class='ocrx_word' id='word_1_381' title='bbox 1411 1853 1457 1895; x_wconf 81' lang='lat'>1..</span> <span class='ocrx_word' id='word_1_382' title='bbox 1493 1852 1564 1890; x_wconf 74' lang='lat' dir='ltr'>nist</span> 
     </span>
     <span class='ocr_line' id='line_1_32' title="bbox 48 1895 1565 1949; baseline 0.003 -15"><span class='ocrx_word' id='word_1_383' title='bbox 48 1895 90 1936; x_wconf 85' lang='lat' dir='ltr'>in</span> <span class='ocrx_word' id='word_1_384' title='bbox 115 1909 285 1944; x_wconf 86' lang='lat' dir='ltr'>tempore</span> <span class='ocrx_word' id='word_1_385' title='bbox 302 1908 358 1938; x_wconf 81' lang='lat' dir='ltr'>v..</span> <span class='ocrx_word' id='word_1_386' title='bbox 387 1897 451 1932; x_wconf 92' lang='lat' dir='ltr'>ubi</span> <span class='ocrx_word' id='word_1_387' title='bbox 471 1910 491 1932; x_wconf 92' lang='lat' dir='ltr'>e</span> <span class='ocrx_word' id='word_1_388' title='bbox 509 1898 544 1934; x_wconf 80' lang='lat' dir='ltr'>P.</span> <span class='ocrx_word' id='word_1_389' title='bbox 567 1907 673 1934; x_wconf 80' lang='lat' dir='ltr'>tenet</span> <span class='ocrx_word' id='word_1_390' title='bbox 691 1899 756 1945; x_wconf 79' lang='lat' dir='ltr'>Bg.</span> <span class='ocrx_word' id='word_1_391' title='bbox 778 1898 856 1934; x_wconf 82' lang='lat' dir='ltr'>Lat.</span> <span class='ocrx_word' id='word_1_392' title='bbox 877 1898 916 1934; x_wconf 89' lang='lat' dir='ltr'>in</span> <span class='ocrx_word' id='word_1_393' title='bbox 939 1901 1043 1940; x_wconf 84' lang='lat' dir='ltr'>adv.‚</span> <span class='ocrx_word' id='word_1_394' title='bbox 1080 1911 1159 1935; x_wconf 81' lang='lat' dir='ltr'>non</span> <span class='ocrx_word' id='word_1_395' title='bbox 1177 1897 1221 1935; x_wconf 82' lang='lat' dir='ltr'>ic.</span> <span class='ocrx_word' id='word_1_396' title='bbox 1240 1900 1279 1935; x_wconf 85' lang='lat' dir='ltr'>in</span> <span class='ocrx_word' id='word_1_397' title='bbox 1300 1901 1404 1937; x_wconf 86' lang='lat' dir='ltr'>subst.</span> <span class='ocrx_word' id='word_1_398' title='bbox 1428 1901 1565 1949; x_wconf 79' lang='lat' dir='ltr'>primo.</span> 
     </span>
     <span class='ocr_line' id='line_1_33' title="bbox 48 1944 1565 2002; baseline 0.003 -19"><span class='ocrx_word' id='word_1_399' title='bbox 48 1960 119 1996; x_wconf 81' lang='lat' dir='ltr'>pro</span> <span class='ocrx_word' id='word_1_400' title='bbox 139 1958 214 1994; x_wconf 90' lang='lat' dir='ltr'>quo</span> <span class='ocrx_word' id='word_1_401' title='bbox 235 1957 293 1993; x_wconf 87' lang='lat' dir='ltr'>ap.</span> <span class='ocrx_word' id='word_1_402' title='bbox 315 1947 395 1993; x_wconf 88' lang='lat' dir='ltr'>Stp.</span> <span class='ocrx_word' id='word_1_403' title='bbox 415 1944 487 1982; x_wconf 88' lang='lat' dir='ltr'>Th.</span> <span class='ocrx_word' id='word_1_404' title='bbox 505 1946 656 1982; x_wconf 83' lang='lat' dir='ltr'>aliunde</span> <span class='ocrx_word' id='word_1_405' title='bbox 680 1957 824 1984; x_wconf 78' lang='lat' dir='ltr'>tantum</span> <span class='ocrx_word' id='word_1_406' title='bbox 849 1946 898 1982; x_wconf 80' lang='lat' dir='ltr'>est</span> <span class='ocrx_word' id='word_1_407' title='bbox 915 1946 993 1997; x_wconf 89' lang='lat' dir='ltr'>syn.</span> <span class='ocrx_word' id='word_1_408' title='bbox 1012 1949 1052 1984; x_wconf 80' lang='lat' dir='ltr'>P.</span> <span class='ocrx_word' id='word_1_409' title='bbox 1073 1949 1198 1990; x_wconf 82' lang='lat' dir='ltr'>luxus,</span> <span class='ocrx_word' id='word_1_410' title='bbox 1224 1961 1300 1997; x_wconf 88' lang='lat' dir='ltr'>quo</span> <span class='ocrx_word' id='word_1_411' title='bbox 1319 1962 1357 1986; x_wconf 88' lang='lat' dir='ltr'>et</span> <span class='ocrx_word' id='word_1_412' title='bbox 1373 1950 1479 1999; x_wconf 86' lang='lat' dir='ltr'>supra</span> <span class='ocrx_word' id='word_1_413' title='bbox 1498 1953 1565 2002; x_wconf 83' lang='lat' dir='ltr'>Bg.</span> 
     </span>
     <span class='ocr_line' id='line_1_34' title="bbox 48 1997 1540 2033; baseline 0.002 0"><span class='ocrx_word' id='word_1_414' title='bbox 48 1997 231 2033; x_wconf 82' lang='lat' dir='ltr'>vertebat.</span> <span class='ocrx_word' id='word_1_415' title='bbox 1534 2020 1540 2028; x_wconf 87' lang='lat'>-·</span> 
     </span>
    </p>

    <p class='ocr_par' dir='ltr' id='par_1_7' title="bbox 49 2042 1571 2391">
     <span class='ocr_line' id='line_1_35' title="bbox 98 2042 1568 2097; baseline 0.006 -18"><span class='ocrx_word' id='word_1_416' title='bbox 98 2042 337 2093; x_wconf 67' lang='grc' dir='ltr'>ξᾳθ..προσφ.)</span> <span class='ocrx_word' id='word_1_417' title='bbox 363 2056 395 2078; x_wconf 85' lang='grc' dir='ltr'>ν.</span> <span class='ocrx_word' id='word_1_418' title='bbox 418 2044 466 2080; x_wconf 81' lang='lat' dir='ltr'>N.</span> <span class='ocrx_word' id='word_1_419' title='bbox 489 2042 533 2078; x_wconf 88' lang='lat' dir='ltr'>ad</span> <span class='ocrx_word' id='word_1_420' title='bbox 555 2043 622 2079; x_wconf 73' lang='lat' dir='ltr'>l-r.</span> <span class='ocrx_word' id='word_1_421' title='bbox 643 2056 674 2079; x_wconf 89' lang='lat' dir='ltr'>c.</span> <span class='ocrx_word' id='word_1_422' title='bbox 691 2045 901 2092; x_wconf 77' lang='lat' dir='ltr'>¹3.,Strotb.</span> <span class='ocrx_word' id='word_1_423' title='bbox 926 2045 957 2094; x_wconf 83' lang='lat'>§.</span> <span class='ocrx_word' id='word_1_424' title='bbox 983 2059 1035 2088; x_wconf 84' lang='lat'>14.</span> <span class='ocrx_word' id='word_1_425' title='bbox 1051 2071 1063 2087; x_wconf 81' lang='lat'>.</span> <span class='ocrx_word' id='word_1_426' title='bbox 1090 2047 1212 2097; x_wconf 78' lang='lat' dir='ltr'>inqua</span> <span class='ocrx_word' id='word_1_427' title='bbox 1233 2048 1568 2088; x_wconf 82' lang='lat' dir='ltr'>formulahiccum</span> 
     </span>
     <span class='ocr_line' id='line_1_36' title="bbox 49 2091 1569 2144; baseline 0.003 -13"><span class='ocrx_word' id='word_1_428' title='bbox 49 2094 127 2131; x_wconf 83' lang='lat' dir='ltr'>dat.</span> <span class='ocrx_word' id='word_1_429' title='bbox 149 2091 203 2129; x_wconf 87' lang='lat' dir='ltr'>rei</span> <span class='ocrx_word' id='word_1_430' title='bbox 221 2094 282 2140; x_wconf 85' lang='lat' dir='ltr'>Bg.</span> <span class='ocrx_word' id='word_1_431' title='bbox 312 2092 464 2142; x_wconf 77' lang='lat' dir='ltr'>adhibet</span> <span class='ocrx_word' id='word_1_432' title='bbox 492 2103 614 2139; x_wconf 83' lang='lat' dir='ltr'>praep.</span> <span class='ocrx_word' id='word_1_433' title='bbox 636 2105 656 2128; x_wconf 90' lang='lat' dir='ltr'>e</span> <span class='ocrx_word' id='word_1_434' title='bbox 677 2104 876 2142; x_wconf 80' lang='lat' dir='ltr'>praecepto</span> <span class='ocrx_word' id='word_1_435' title='bbox 897 2096 977 2142; x_wconf 83' lang='lat' dir='ltr'>Stp.</span> <span class='ocrx_word' id='word_1_436' title='bbox 997 2097 1073 2133; x_wconf 88' lang='lat' dir='ltr'>Th.</span> <span class='ocrx_word' id='word_1_437' title='bbox 1097 2114 1132 2144; x_wconf 79' lang='lat'>4,</span> <span class='ocrx_word' id='word_1_438' title='bbox 1159 2107 1232 2137; x_wconf 75' lang='lat'>118.</span> <span class='ocrx_word' id='word_1_439' title='bbox 1255 2099 1294 2134; x_wconf 85' lang='lat' dir='ltr'>E.</span> <span class='ocrx_word' id='word_1_440' title='bbox 1316 2111 1369 2141; x_wconf 86' lang='lat' dir='ltr'>e.,</span> <span class='ocrx_word' id='word_1_441' title='bbox 1406 2111 1486 2134; x_wconf 87' lang='lat' dir='ltr'>non</span> <span class='ocrx_word' id='word_1_442' title='bbox 1511 2111 1569 2137; x_wconf 90' lang='lat' dir='ltr'>te·</span> 
     </span>
     <span class='ocr_line' id='line_1_37' title="bbox 49 2141 1567 2192; baseline 0.003 -12"><span class='ocrx_word' id='word_1_443' title='bbox 49 2142 181 2180; x_wconf 82' lang='lat' dir='ltr'>nentis</span> <span class='ocrx_word' id='word_1_444' title='bbox 198 2150 324 2178; x_wconf 85' lang='lat' dir='ltr'>tamen</span> <span class='ocrx_word' id='word_1_445' title='bbox 346 2141 471 2178; x_wconf 84' lang='lat' dir='ltr'>Nostri</span> <span class='ocrx_word' id='word_1_446' title='bbox 492 2141 689 2178; x_wconf 80' lang='lat' dir='ltr'>formulam</span> <span class='ocrx_word' id='word_1_447' title='bbox 710 2155 748 2180; x_wconf 91' lang='lat' dir='ltr'>et</span> <span class='ocrx_word' id='word_1_448' title='bbox 770 2156 803 2181; x_wconf 90' lang='lat' dir='ltr'>v.</span> <span class='ocrx_word' id='word_1_449' title='bbox 827 2156 910 2181; x_wconf 88' lang='lat' dir='ltr'>cum</span> <span class='ocrx_word' id='word_1_450' title='bbox 933 2145 1014 2181; x_wconf 82' lang='lat' dir='ltr'>adv.</span> <span class='ocrx_word' id='word_1_451' title='bbox 1035 2145 1086 2192; x_wconf 58' lang='lat'>35„</span> <span class='ocrx_word' id='word_1_452' title='bbox 1112 2158 1150 2183; x_wconf 85' lang='lat' dir='ltr'>et</span> <span class='ocrx_word' id='word_1_453' title='bbox 1174 2148 1288 2183; x_wconf 86' lang='lat' dir='ltr'>modo</span> <span class='ocrx_word' id='word_1_454' title='bbox 1309 2147 1460 2185; x_wconf 86' lang='lat' dir='ltr'>aliunde</span> <span class='ocrx_word' id='word_1_455' title='bbox 1471 2153 1517 2186; x_wconf 76' lang='grc' dir='ltr'>τὶι</span> <span class='ocrx_word' id='word_1_456' title='bbox 1535 2152 1567 2185; x_wconf 74' lang='grc' dir='ltr'>δ.</span> 
     </span>
     <span class='ocr_line' id='line_1_38' title="bbox 53 2191 1571 2244; baseline 0.005 -18"><span class='ocrx_word' id='word_1_457' title='bbox 53 2204 136 2228; x_wconf 87' lang='lat' dir='ltr'>cum</span> <span class='ocrx_word' id='word_1_458' title='bbox 158 2191 238 2226; x_wconf 86' lang='lat' dir='ltr'>Lat.</span> <span class='ocrx_word' id='word_1_459' title='bbox 259 2191 345 2238; x_wconf 78' lang='lat' dir='ltr'>3g.,</span> <span class='ocrx_word' id='word_1_460' title='bbox 370 2203 391 2226; x_wconf 87' lang='lat' dir='ltr'>e</span> <span class='ocrx_word' id='word_1_461' title='bbox 410 2193 445 2227; x_wconf 80' lang='lat' dir='ltr'>P.</span> <span class='ocrx_word' id='word_1_462' title='bbox 459 2213 469 2232; x_wconf 86' lang='lat'>,</span> <span class='ocrx_word' id='word_1_463' title='bbox 494 2202 604 2237; x_wconf 86' lang='lat' dir='ltr'>quern</span> <span class='ocrx_word' id='word_1_464' title='bbox 624 2192 705 2227; x_wconf 85' lang='lat' dir='ltr'>sch.</span> <span class='ocrx_word' id='word_1_465' title='bbox 728 2191 863 2229; x_wconf 82' lang='lat' dir='ltr'>deserit</span> <span class='ocrx_word' id='word_1_466' title='bbox 882 2192 921 2229; x_wconf 88' lang='lat' dir='ltr'>in</span> <span class='ocrx_word' id='word_1_467' title='bbox 945 2194 1006 2241; x_wconf 66' lang='lat'><strong>³³53·</strong></span> <span class='ocrx_word' id='word_1_468' title='bbox 1026 2197 1248 2244; x_wconf 51' lang='lat' dir='ltr'>neglzgrenter</span> <span class='ocrx_word' id='word_1_469' title='bbox 1265 2197 1421 2233; x_wconf 59' lang='lat' dir='ltr'>tractans</span> <span class='ocrx_word' id='word_1_470' title='bbox 1432 2211 1571 2241; x_wconf 77' lang='lat' dir='ltr'>curam,</span> 
     </span>
     <span class='ocr_line' id='line_1_39' title="bbox 54 2238 1568 2294; baseline 0.004 -17"><span class='ocrx_word' id='word_1_471' title='bbox 54 2242 84 2277; x_wconf 75' lang='grc' dir='ltr'>δ.</span> <span class='ocrx_word' id='word_1_472' title='bbox 103 2239 198 2285; x_wconf 87' lang='lat' dir='ltr'>reip.</span> <span class='ocrx_word' id='word_1_473' title='bbox 215 2246 333 2274; x_wconf 62' lang='grc' dir='ltr'>τηνεί(</span> <span class='ocrx_word' id='word_1_474' title='bbox 355 2238 419 2276; x_wconf 82' lang='lat' dir='ltr'>ubi</span> <span class='ocrx_word' id='word_1_475' title='bbox 439 2239 544 2276; x_wconf 89' lang='lat' dir='ltr'>subst·</span> <span class='ocrx_word' id='word_1_476' title='bbox 566 2246 777 2285; x_wconf 62' lang='grc' dir='ltr'><em>πραγμάτων</em></span> <span class='ocrx_word' id='word_1_477' title='bbox 798 2241 1043 2290; x_wconf 80' lang='lat' dir='ltr'>supplebitur,</span> <span class='ocrx_word' id='word_1_478' title='bbox 1069 2256 1216 2281; x_wconf 79' lang='lat' dir='ltr'>tacente</span> <span class='ocrx_word' id='word_1_479' title='bbox 1238 2247 1473 2287; x_wconf 69' lang='lat' dir='ltr'>L.3011511.,</span> <span class='ocrx_word' id='word_1_480' title='bbox 1500 2247 1568 2294; x_wconf 86' lang='lat' dir='ltr'>qui</span> 
     </span>
     <span class='ocr_line' id='line_1_40' title="bbox 53 2288 1567 2337; baseline 0.005 -13"><span class='ocrx_word' id='word_1_481' title='bbox 53 2301 92 2337; x_wconf 89' lang='lat' dir='ltr'>p.</span> <span class='ocrx_word' id='word_1_482' title='bbox 116 2297 197 2332; x_wconf 80' lang='lat'>287.</span> <span class='ocrx_word' id='word_1_483' title='bbox 217 2301 265 2324; x_wconf 85' lang='lat' dir='ltr'>m.</span> <span class='ocrx_word' id='word_1_484' title='bbox 294 2288 408 2324; x_wconf 90' lang='lat' dir='ltr'>modo</span> <span class='ocrx_word' id='word_1_485' title='bbox 425 2288 503 2337; x_wconf 88' lang='lat' dir='ltr'>syn.</span> <span class='ocrx_word' id='word_1_486' title='bbox 525 2293 571 2325; x_wconf 65' lang='grc' dir='ltr'>τὰ</span> <span class='ocrx_word' id='word_1_487' title='bbox 592 2295 682 2327; x_wconf 72' lang='grc' dir='ltr'><em>κοινὰ</em></span> <span class='ocrx_word' id='word_1_488' title='bbox 701 2290 869 2337; x_wconf 77' lang='lat' dir='ltr'>respicit,</span> <span class='ocrx_word' id='word_1_489' title='bbox 896 2303 939 2328; x_wconf 85' lang='lat' dir='ltr'>ut</span> <span class='ocrx_word' id='word_1_490' title='bbox 958 2293 1141 2331; x_wconf 78' lang='lat' dir='ltr'>formulae</span> <span class='ocrx_word' id='word_1_491' title='bbox 1155 2297 1220 2330; x_wconf 90' lang='lat' dir='ltr'>Gr.</span> <span class='ocrx_word' id='word_1_492' title='bbox 1241 2294 1342 2330; x_wconf 70' lang='lat' dir='ltr'>sorte</span> <span class='ocrx_word' id='word_1_493' title='bbox 1364 2294 1567 2332; x_wconf 76' lang='lat' dir='ltr'>viciniores</span> 
     </span>
     <span class='ocr_line' id='line_1_41' title="bbox 52 2337 1569 2391; baseline 0.005 -17"><span class='ocrx_word' id='word_1_494' title='bbox 52 2337 125 2375; x_wconf 73' lang='lat' dir='ltr'>{int</span> <span class='ocrx_word' id='word_1_495' title='bbox 143 2338 222 2374; x_wconf 86' lang='lat' dir='ltr'>Lat.</span> <span class='ocrx_word' id='word_1_496' title='bbox 241 2338 438 2374; x_wconf 85' lang='lat' dir='ltr'>incumbens</span> <span class='ocrx_word' id='word_1_497' title='bbox 465 2337 505 2373; x_wconf 90' lang='lat' dir='ltr'>in</span> <span class='ocrx_word' id='word_1_498' title='bbox 527 2350 648 2373; x_wconf 81' lang='lat' dir='ltr'>curam</span> <span class='ocrx_word' id='word_1_499' title='bbox 671 2338 747 2375; x_wconf 90' lang='lat' dir='ltr'>Cic.</span> <span class='ocrx_word' id='word_1_500' title='bbox 769 2352 827 2386; x_wconf 91' lang='lat' dir='ltr'>ep.</span> <span class='ocrx_word' id='word_1_501' title='bbox 850 2341 936 2377; x_wconf 87' lang='lat' dir='ltr'>fam.</span> <span class='ocrx_word' id='word_1_502' title='bbox 964 2355 1019 2384; x_wconf 75' lang='grc' dir='ltr'>ιο,</span> <span class='ocrx_word' id='word_1_503' title='bbox 1044 2353 1077 2388; x_wconf 81' lang='lat'>3,</span> <span class='ocrx_word' id='word_1_504' title='bbox 1099 2352 1130 2384; x_wconf 76' lang='lat'>8.</span> <span class='ocrx_word' id='word_1_505' title='bbox 1167 2344 1209 2379; x_wconf 86' lang='lat' dir='ltr'>it.</span> <span class='ocrx_word' id='word_1_506' title='bbox 1230 2342 1407 2391; x_wconf 76' lang='lat' dir='ltr'>insistens,</span> <span class='ocrx_word' id='word_1_507' title='bbox 1442 2343 1569 2381; x_wconf 85' lang='lat' dir='ltr'>inten-</span> 
     </span>
    </p>
   </div>
   <div class='ocr_carea' id='block_1_6' title="bbox 0 2385 1571 2587">
    <p class='ocr_par' dir='ltr' id='par_1_8' title="bbox 0 2385 1571 2587">
     <span class='ocr_line' id='line_1_42' title="bbox 0 2385 1566 2440; baseline 0.003 -16"><span class='ocrx_word' id='word_1_508' title='bbox 0 2415 1 2423; x_wconf 61' lang='grc'>,</span> <span class='ocrx_word' id='word_1_509' title='bbox 55 2397 119 2424; x_wconf 83' lang='lat' dir='ltr'>tus</span> <span class='ocrx_word' id='word_1_510' title='bbox 138 2399 268 2428; x_wconf 78' lang='lat' dir='ltr'>curae,</span> <span class='ocrx_word' id='word_1_511' title='bbox 299 2385 346 2422; x_wconf 88' lang='lat' dir='ltr'>cf.</span> <span class='ocrx_word' id='word_1_512' title='bbox 368 2388 449 2423; x_wconf 86' lang='lat' dir='ltr'>Ind.</span> <span class='ocrx_word' id='word_1_513' title='bbox 474 2387 517 2423; x_wconf 86' lang='lat' dir='ltr'>ls.</span> <span class='ocrx_word' id='word_1_514' title='bbox 538 2387 601 2422; x_wconf 87' lang='lat' dir='ltr'>Ev.</span> <span class='ocrx_word' id='word_1_515' title='bbox 624 2393 675 2425; x_wconf 74' lang='grc' dir='ltr'>ἐπ.</span> <span class='ocrx_word' id='word_1_516' title='bbox 695 2397 760 2425; x_wconf 78' lang='grc' dir='ltr'>τῶν</span> <span class='ocrx_word' id='word_1_517' title='bbox 777 2398 898 2427; x_wconf 77' lang='grc' dir='ltr'><em>κοινῶν.</em></span> <span class='ocrx_word' id='word_1_518' title='bbox 949 2392 1145 2429; x_wconf 80' lang='lat' dir='ltr'>Caeterum</span> <span class='ocrx_word' id='word_1_519' title='bbox 1168 2395 1230 2440; x_wconf 59' lang='grc' dir='ltr'>[ἐς.</span> <span class='ocrx_word' id='word_1_520' title='bbox 1252 2392 1312 2427; x_wconf 88' lang='lat' dir='ltr'>hic</span> <span class='ocrx_word' id='word_1_521' title='bbox 1329 2397 1479 2437; x_wconf 72' lang='grc' dir='ltr'><em>μὲν-δὲ</em></span> <span class='ocrx_word' id='word_1_522' title='bbox 1493 2406 1566 2429; x_wconf 88' lang='lat' dir='ltr'>utr.</span> 
     </span>
     <span class='ocr_line' id='line_1_43' title="bbox 0 2435 1571 2487; baseline 0.006 -18"><span class='ocrx_word' id='word_1_523' title='bbox 0 2441 1 2459; x_wconf 61' lang='lat'>1</span> <span class='ocrx_word' id='word_1_524' title='bbox 54 2435 227 2484; x_wconf 80' lang='lat' dir='ltr'>negligit.</span> <span class='ocrx_word' id='word_1_525' title='bbox 249 2445 293 2471; x_wconf 86' lang='lat' dir='ltr'>ut</span> <span class='ocrx_word' id='word_1_526' title='bbox 309 2445 433 2472; x_wconf 84' lang='lat' dir='ltr'>tamen</span> <span class='ocrx_word' id='word_1_527' title='bbox 453 2435 608 2472; x_wconf 80' lang='lat' dir='ltr'>fortaffis</span> <span class='ocrx_word' id='word_1_528' title='bbox 627 2437 760 2473; x_wconf 90' lang='lat' dir='ltr'>vitium</span> <span class='ocrx_word' id='word_1_529' title='bbox 782 2440 910 2484; x_wconf 89' lang='lat' dir='ltr'>potius</span> <span class='ocrx_word' id='word_1_530' title='bbox 929 2439 973 2476; x_wconf 75' lang='lat' dir='ltr'>lit</span> <span class='ocrx_word' id='word_1_531' title='bbox 992 2441 1141 2481; x_wconf 84' lang='lat' dir='ltr'>scribae.</span> <span class='ocrx_word' id='word_1_532' title='bbox 1166 2442 1338 2487; x_wconf 78' lang='lat' dir='ltr'>copulam</span> <span class='ocrx_word' id='word_1_533' title='bbox 1357 2441 1571 2479; x_wconf 82' lang='lat' dir='ltr'>omittentis</span> 
     </span>
     <span class='ocr_line' id='line_1_44' title="bbox 0 2482 1570 2536; baseline 0.005 -16"><span class='ocrx_word' id='word_1_534' title='bbox 0 2511 1 2536; x_wconf 28' lang='grc' dir='ltr'>ἢ</span> <span class='ocrx_word' id='word_1_535' title='bbox 55 2482 216 2531; x_wconf 76' lang='lat' dir='ltr'>aliquam</span> <span class='ocrx_word' id='word_1_536' title='bbox 241 2484 280 2520; x_wconf 89' lang='lat' dir='ltr'>in</span> <span class='ocrx_word' id='word_1_537' title='bbox 301 2486 466 2521; x_wconf 83' lang='lat' dir='ltr'>membro</span> <span class='ocrx_word' id='word_1_538' title='bbox 487 2485 675 2527; x_wconf 87' lang='lat' dir='ltr'>secundo,</span> <span class='ocrx_word' id='word_1_539' title='bbox 702 2487 764 2523; x_wconf 86' lang='lat' dir='ltr'>ubi</span> <span class='ocrx_word' id='word_1_540' title='bbox 782 2488 822 2522; x_wconf 87' lang='lat' dir='ltr'>P.</span> <span class='ocrx_word' id='word_1_541' title='bbox 842 2500 920 2524; x_wconf 81' lang='lat' dir='ltr'>eam</span> <span class='ocrx_word' id='word_1_542' title='bbox 941 2489 1078 2530; x_wconf 80' lang='lat' dir='ltr'>refert.</span> <span class='ocrx_word' id='word_1_543' title='bbox 1112 2490 1202 2525; x_wconf 85' lang='lat' dir='ltr'>olim</span> <span class='ocrx_word' id='word_1_544' title='bbox 1225 2491 1484 2528; x_wconf 81' lang='lat' dir='ltr'>restituendam</span> <span class='ocrx_word' id='word_1_545' title='bbox 1504 2501 1570 2529; x_wconf 88' lang='lat' dir='ltr'>aut</span> 
     </span>
     <span class='ocr_line' id='line_1_45' title="bbox 0 2532 1315 2587; baseline 0.005 -19"><span class='ocrx_word' id='word_1_546' title='bbox 0 2560 1 2585; x_wconf 63' lang='lat'>1</span> <span class='ocrx_word' id='word_1_547' title='bbox 56 2533 165 2570; x_wconf 87' lang='lat' dir='ltr'>etiam</span> <span class='ocrx_word' id='word_1_548' title='bbox 189 2532 298 2569; x_wconf 70' lang='lat' dir='ltr'>solam</span> <span class='ocrx_word' id='word_1_549' title='bbox 318 2535 453 2570; x_wconf 85' lang='lat' dir='ltr'>advers.</span> <span class='ocrx_word' id='word_1_550' title='bbox 475 2544 623 2576; x_wconf 80' lang='lat' dir='ltr'>contra,</span> <span class='ocrx_word' id='word_1_551' title='bbox 656 2536 698 2572; x_wconf 87' lang='lat' dir='ltr'>ad</span> <span class='ocrx_word' id='word_1_552' title='bbox 722 2537 928 2574; x_wconf 84' lang='lat' dir='ltr'>cavendum</span> <span class='ocrx_word' id='word_1_553' title='bbox 952 2539 991 2574; x_wconf 89' lang='lat' dir='ltr'>in</span> <span class='ocrx_word' id='word_1_554' title='bbox 1018 2540 1077 2574; x_wconf 72' lang='lat' dir='ltr'>Vs.</span> <span class='ocrx_word' id='word_1_555' title='bbox 1096 2538 1315 2587; x_wconf 79' lang='lat' dir='ltr'>asyndeton.</span> 
     </span>
    </p>
   </div>
   <div class='ocr_carea' id='block_1_7' title="bbox 0 2934 3 3082">
    <p class='ocr_par' dir='ltr' id='par_1_9' title="bbox 0 2934 3 3082">
     <span class='ocr_line' id='line_1_46' title="bbox 0 2934 3 3082; baseline 0 0"><span class='ocrx_word' id='word_1_556' title='bbox 0 2934 3 3082; x_wconf 89' lang='grc' dir='ltr'>Ι</span> 
     </span>
    </p>
   </div>
   <div class='ocr_carea' id='block_1_8' title="bbox 104 2581 1572 2637">
    <p class='ocr_par' dir='ltr' id='par_1_10' title="bbox 104 2581 1572 2637">
     <span class='ocr_line' id='line_1_47' title="bbox 104 2581 1572 2637; baseline 0.005 -19"><span class='ocrx_word' id='word_1_557' title='bbox 104 2582 144 2619; x_wconf 73' lang='grc' dir='ltr'>τὰ</span> <span class='ocrx_word' id='word_1_558' title='bbox 165 2581 302 2627; x_wconf 53' lang='lat' dir='ltr'>deges.)</span> <span class='ocrx_word' id='word_1_559' title='bbox 328 2585 399 2630; x_wconf 80' lang='lat' dir='ltr'>Ap.</span> <span class='ocrx_word' id='word_1_560' title='bbox 421 2581 520 2619; x_wconf 89' lang='lat' dir='ltr'>Suid.</span> <span class='ocrx_word' id='word_1_561' title='bbox 543 2584 565 2618; x_wconf 91' lang='lat' dir='ltr'>l.</span> <span class='ocrx_word' id='word_1_562' title='bbox 580 2584 604 2619; x_wconf 89' lang='lat' dir='ltr'>l.</span> <span class='ocrx_word' id='word_1_563' title='bbox 619 2609 627 2623; x_wconf 88' lang='lat'><em>,</em></span> <span class='ocrx_word' id='word_1_564' title='bbox 652 2584 784 2620; x_wconf 80' lang='lat' dir='ltr'>omiffis</span> <span class='ocrx_word' id='word_1_565' title='bbox 805 2587 859 2628; x_wconf 54' lang='grc' dir='ltr'>κοιλ</span> <span class='ocrx_word' id='word_1_566' title='bbox 878 2587 938 2624; x_wconf 69' lang='grc' dir='ltr'>εἰσ.</span> <span class='ocrx_word' id='word_1_567' title='bbox 953 2611 962 2627; x_wconf 86' lang='grc'>,</span> <span class='ocrx_word' id='word_1_568' title='bbox 993 2600 1117 2624; x_wconf 80' lang='lat' dir='ltr'>tamen</span> <span class='ocrx_word' id='word_1_569' title='bbox 1136 2588 1248 2624; x_wconf 76' lang='lat' dir='ltr'>etiam</span> <span class='ocrx_word' id='word_1_570' title='bbox 1277 2589 1326 2624; x_wconf 87' lang='lat' dir='ltr'>est</span> <span class='ocrx_word' id='word_1_571' title='bbox 1346 2590 1445 2637; x_wconf 82' lang='lat' dir='ltr'>vulg.</span> <span class='ocrx_word' id='word_1_572' title='bbox 1477 2601 1572 2626; x_wconf 87' lang='lat' dir='ltr'>tem-</span> 
     </span>
    </p>
   </div>
   <div class='ocr_carea' id='block_1_9' title="bbox 0 2618 1572 2734">
    <p class='ocr_par' dir='ltr' id='par_1_11' title="bbox 0 2618 1572 2734">
     <span class='ocr_line' id='line_1_48' title="bbox 0 2618 1572 2684; baseline 0.004 -16"><span class='ocrx_word' id='word_1_573' title='bbox 0 2618 1 2636; x_wconf 49' lang='lat'>³</span> <span class='ocrx_word' id='word_1_574' title='bbox 55 2644 125 2680; x_wconf 87' lang='lat' dir='ltr'>pus</span> <span class='ocrx_word' id='word_1_575' title='bbox 146 2631 256 2677; x_wconf 74' lang='lat' dir='ltr'>praes.</span> <span class='ocrx_word' id='word_1_576' title='bbox 281 2635 358 2671; x_wconf 69' lang='grc' dir='ltr'><strong>ἐπ..</strong></span> <span class='ocrx_word' id='word_1_577' title='bbox 390 2643 454 2677; x_wconf 89' lang='lat' dir='ltr'>pro</span> <span class='ocrx_word' id='word_1_578' title='bbox 476 2644 549 2678; x_wconf 87' lang='lat' dir='ltr'>quo</span> <span class='ocrx_word' id='word_1_579' title='bbox 573 2634 644 2668; x_wconf 87' lang='lat' dir='ltr'>Ms.</span> <span class='ocrx_word' id='word_1_580' title='bbox 665 2645 736 2669; x_wconf 79' lang='lat' dir='ltr'>aor.</span> <span class='ocrx_word' id='word_1_581' title='bbox 760 2647 821 2670; x_wconf 85' lang='lat' dir='ltr'>aut</span> <span class='ocrx_word' id='word_1_582' title='bbox 840 2648 860 2671; x_wconf 88' lang='lat' dir='ltr'>e</span> <span class='ocrx_word' id='word_1_583' title='bbox 884 2636 1011 2683; x_wconf 64' lang='lat' dir='ltr'>glossa,</span> <span class='ocrx_word' id='word_1_584' title='bbox 1040 2649 1081 2672; x_wconf 87' lang='lat' dir='ltr'>ut</span> <span class='ocrx_word' id='word_1_585' title='bbox 1096 2637 1203 2676; x_wconf 79' lang='lat' dir='ltr'>alibi,</span> <span class='ocrx_word' id='word_1_586' title='bbox 1231 2650 1293 2673; x_wconf 82' lang='lat' dir='ltr'>aut</span> <span class='ocrx_word' id='word_1_587' title='bbox 1307 2650 1372 2684; x_wconf 89' lang='lat' dir='ltr'>per</span> <span class='ocrx_word' id='word_1_588' title='bbox 1391 2651 1572 2681; x_wconf 84' lang='lat' dir='ltr'>errorem,</span> 
     </span>
     <span class='ocr_line' id='line_1_49' title="bbox 0 2678 1567 2734; baseline 0.004 -18"><span class='ocrx_word' id='word_1_589' title='bbox 0 2680 1 2716; x_wconf 65' lang='lat' dir='ltr'>l</span> <span class='ocrx_word' id='word_1_590' title='bbox 56 2679 180 2727; x_wconf 80' lang='lat' dir='ltr'>elapso</span> <span class='ocrx_word' id='word_1_591' title='bbox 200 2683 228 2716; x_wconf 78' lang='grc' dir='ltr'>δι</span> <span class='ocrx_word' id='word_1_592' title='bbox 247 2680 296 2715; x_wconf 90' lang='lat' dir='ltr'>ob</span> <span class='ocrx_word' id='word_1_593' title='bbox 314 2692 368 2726; x_wconf 85' lang='lat' dir='ltr'>pr.</span> <span class='ocrx_word' id='word_1_594' title='bbox 389 2696 427 2717; x_wconf 74' lang='grc' dir='ltr'>πι</span> <span class='ocrx_word' id='word_1_595' title='bbox 450 2678 586 2722; x_wconf 74' lang='lat' dir='ltr'>fimi1e3</span> <span class='ocrx_word' id='word_1_596' title='bbox 626 2684 827 2729; x_wconf 85' lang='lat' dir='ltr'>copulante</span> <span class='ocrx_word' id='word_1_597' title='bbox 845 2685 907 2720; x_wconf 87' lang='lat' dir='ltr'>hic</span> <span class='ocrx_word' id='word_1_598' title='bbox 928 2685 1062 2721; x_wconf 90' lang='lat' dir='ltr'>iterum</span> <span class='ocrx_word' id='word_1_599' title='bbox 1076 2687 1208 2723; x_wconf 79' lang='lat' dir='ltr'>Nostro</span> <span class='ocrx_word' id='word_1_600' title='bbox 1228 2687 1368 2723; x_wconf 76' lang='lat' dir='ltr'>diversa</span> <span class='ocrx_word' id='word_1_601' title='bbox 1385 2698 1567 2734; x_wconf 76' lang='lat' dir='ltr'>tempora,</span> 
     </span>
    </p>
   </div>
   <div class='ocr_carea' id='block_1_10' title="bbox 55 2728 1571 2781">
    <p class='ocr_par' dir='ltr' id='par_1_12' title="bbox 55 2728 1571 2781">
     <span class='ocr_line' id='line_1_50' title="bbox 55 2728 1571 2781; baseline 0.006 -16"><span class='ocrx_word' id='word_1_602' title='bbox 55 2728 170 2778; x_wconf 75' lang='lat' dir='ltr'>praes.</span> <span class='ocrx_word' id='word_1_603' title='bbox 182 2739 274 2777; x_wconf 83' lang='lat' dir='ltr'>part.</span> <span class='ocrx_word' id='word_1_604' title='bbox 293 2733 348 2767; x_wconf 70' lang='grc' dir='ltr'>ἐπ.</span> <span class='ocrx_word' id='word_1_605' title='bbox 369 2739 409 2766; x_wconf 88' lang='lat' dir='ltr'>et</span> <span class='ocrx_word' id='word_1_606' title='bbox 426 2738 554 2775; x_wconf 66' lang='grc' dir='ltr'>προσφ.</span> <span class='ocrx_word' id='word_1_607' title='bbox 575 2741 660 2767; x_wconf 88' lang='lat' dir='ltr'>cum</span> <span class='ocrx_word' id='word_1_608' title='bbox 679 2732 786 2780; x_wconf 84' lang='lat' dir='ltr'>impf.</span> <span class='ocrx_word' id='word_1_609' title='bbox 803 2737 882 2777; x_wconf 74' lang='grc' dir='ltr'><em>ε’σχ.</em></span> <span class='ocrx_word' id='word_1_610' title='bbox 893 2758 905 2777; x_wconf 87' lang='grc'><em>,</em></span> <span class='ocrx_word' id='word_1_611' title='bbox 936 2735 978 2771; x_wconf 86' lang='lat' dir='ltr'>it.</span> <span class='ocrx_word' id='word_1_612' title='bbox 996 2746 1070 2771; x_wconf 87' lang='lat' dir='ltr'>aor.</span> <span class='ocrx_word' id='word_1_613' title='bbox 1084 2749 1116 2772; x_wconf 81' lang='lat'>2.</span> <span class='ocrx_word' id='word_1_614' title='bbox 1133 2739 1308 2781; x_wconf 63' lang='grc' dir='ltr'>παρῆλθ..</span> <span class='ocrx_word' id='word_1_615' title='bbox 1331 2736 1413 2774; x_wconf 86' lang='lat' dir='ltr'>Sch.</span> <span class='ocrx_word' id='word_1_616' title='bbox 1433 2748 1571 2774; x_wconf 84' lang='lat' dir='ltr'>tenen·</span> 
     </span>
    </p>
   </div>
  </div>
 </body>
</html>
