1717 3082
167 111 435 184 LIBERIV.
463 110 723 161 CARVIII.
750 101 941 164 A.V.C.
961 114 1084 174 968.
1108 114 1459 175 CHR.N.215.
1510 129 1616 175 921

99 229 214 286 λέως
261 227 417 294 ’τοίφον
462 234 505 290 Ρ,
569 228 779 293 ςεφοὶνοις
819 228 863 278 τέ
901 235 1073 285 chrum.
1123 253 1177 285 eo
1203 253 1290 301 que
1313 246 1473 285 ornato
1503 253 1627 286 coro-

103 305 340 373 κοςμῆσας
392 303 470 354 καὶ
514 301 683 354 ἄνθεσι
727 314 866 355 mxlv·
902 314 971 358 nis
993 330 1039 359 ac
1063 311 1247 361 floribus
1270 312 1624 375 magnifice‚rur·

103 385 270 445 τελῶς,
333 379 478 431 πάλιν
514 380 740 443 Ἀχιλλέα
779 385 864 447 ἐμι-
901 388 966 434 sus
981 389 1197 436 Achillem
1211 390 1479 438 imitabatur.
1495 407 1624 455 quae-

101 466 252 529 μεῖτο.
294 455 440 528 ζητῶν
468 477 515 506 τε
536 469 559 503 q
594 458 672 507 καὶ
696 455 863 528 Πάτξο-
899 481 1000 511 rens
1022 482 1108 529 que
1122 466 1370 514 Patroclum
1386 467 1627 531 quendam,

104 635 140 669 M
193 591 233 669 ξ)
255 589 419 667 Ρυὲὶξῗὲιπι
438 591 473 624 in
486 590 531 622 A.
546 588 592 622 al.
616 587 671 622 sed
692 587 793 622 creton
809 587 843 621 in
862 589 932 632 szp.
949 588 1009 623 rel.
1029 601 1091 633 pro
1108 599 1273 625 commate
1291 593 1345 626 Bs.
1367 599 1398 625 1.
1417 591 1462 626 al.
1527 593 1571 639 q)
1595 591 1631 628 D

144 646 173 669 s.
219 646 251 669 a.
278 646 294 668 c
315 659 325 669 .
380 657 389 666 .

158 746 278 785 ςεφκν.
298 736 350 781 δὲ)
378 737 487 781 Quae
505 734 566 772 hic
584 736 633 774 de
652 735 820 784 sepulcro
830 736 1005 780 Achillis,
1027 736 1179 775 fioribus
1199 736 1317 786 sparso
1338 738 1526 777 honorato
1544 749 1632 788 que.

108 797 151 825 et
168 799 256 827 mox
276 786 323 835 (§.
352 799 408 824 12.
429 788 481 831 e.)
503 787 550 823 de
570 785 695 822 ventis
715 798 826 834 prece
845 796 936 822 voto
957 798 1031 833 que
1050 788 1258 834 exoptatis,
1281 787 1372 826 item
1394 800 1469 835 que
1495 789 1543 826 de
1562 789 1634 826 cri·

110 849 161 873 ne
186 835 334 885 ignibus
356 835 531 884 impolito
552 835 609 884 (§.
637 837 715 883 1'3.)
743 837 950 878 habentur,
979 836 1053 874 late
1078 836 1237 883 expolita
1266 838 1316 874 est
1341 837 1468 876 videre
1488 852 1549 889 ap.
1573 842 1631 879 Io.

109 886 360 924 Kirchmann.
381 886 420 922 in
447 885 597 923 erudito
621 887 667 922 de
689 884 886 921 funeribus
908 885 1200 923 Commentario.
1225 888 1334 924 Boea-l.

211 937 280 983 Ap.
301 935 407 973 Suid.
428 936 544 983 Excp.
569 947 602 976 1,
623 944 708 982 233.
735 947 783 971 m.
813 938 943 973 ἐκεῖθέν
966 951 1005 974 τε
1032 941 1077 979 εἰς
1105 943 1280 980 Πέργαμον
1309 943 1549 983 mex-peyna,
1573 938 1631 983 καὶ

106 988 161 1023 ἰπὶ
182 983 245 1023 τδῦ
265 985 450 1030 Ἀχιλλέως
468 990 590 1032 τάφων
617 984 673 1027 uo)
693 990 847 1031 ςεφάνοις
872 982 1040 1029 κοςμιξσας
1059 984 1113 1029 καὶ
1139 985 1273 1028 ἄνθεσι,
1298 987 1357 1025 τᾶν
1376 989 1540 1033 Ἀχιλλέα
1561 994 1635 1032 ffur-

108 1038 206 1079 μεῖτσ
219 1059 231 1076 ,
258 1035 349 1072 inde
367 1048 444 1071 cum
463 1035 682 1084 Pergamum
701 1034 868 1083 vensset,
895 1044 934 1069 et
954 1035 1106 1071 Achillis
1134 1036 1319 1074 tumulum
1345 1039 1482 1073 coronis
1500 1050 1540 1075 et
1565 1038 1634 1085 flo-

109 1085 211 1121 ribus
230 1085 458 1127 exornasset,
484 1084 659 1122 Achillem
687 1096 796 1132 agere
827 1085 960 1132 coepit,
987 1096 1102 1132 quae,
1136 1099 1156 1122 a
1187 1086 1287 1123 Kust.
1308 1085 1384 1124 fine
1414 1089 1462 1125 N.
1492 1088 1632 1133 relicta,

109 1146 192 1170 non
212 1134 301 1171 sunt
327 1134 450 1171 severa
472 1132 512 1170 in
534 1134 622 1177 Vs.,
649 1133 739 1170 dum
760 1134 999 1181 Epitomator
1021 1134 1207 1172 contraxit
1229 1136 1383 1183 primam
1405 1147 1568 1186 partem,
1593 1150 1636 1178 et

109 1187 165 1222 ἐπὶ
185 1200 219 1220 τ.
240 1187 317 1230 Ἀχ.
337 1199 371 1220 τ.
395 1183 492 1220 rexit
513 1183 618 1221 fimul
638 1183 683 1221 ad
704 1195 761 1231 pr.
775 1196 810 1219 v.
828 1198 960 1229 παραγ.
974 1208 985 1225 ,
1014 1182 1104 1220 dans
1124 1183 1160 1221 ei
1178 1184 1365 1232 duplicem
1385 1199 1525 1235 praep,
1549 1200 1636 1226 tum

111 1232 261 1271 omittit
278 1234 361 1271 adv.
379 1232 505 1271 Nostri
524 1238 648 1276 πάλιν,
671 1232 872 1281 respiciens
893 1233 925 1279 ς’.
947 1245 975 1268 1.
989 1245 1021 1269 e.
1038 1232 1149 1280 Ἀλεξ.
1170 1231 1228 1277 ἦν,
1250 1247 1362 1281 quem
1381 1236 1636 1276 Alexandrum

112 1282 296 1320 Caracalla
313 1281 440 1319 forsan
459 1282 625 1320 imitatus
645 1283 695 1319 est
715 1282 828 1320 etiam
848 1293 928 1319 tum
949 1282 990 1319 in
1008 1283 1097 1323 hoc,
1120 1283 1223 1332 quod
1244 1296 1382 1321 novum
1399 1286 1513 1323 Ilium'
1528 1286 1637 1329 adiit,

112 1331 163 1369 cf.
187 1332 282 1369 Cell.
305 1332 330 1369 l.
351 1333 375 1368 l.
400 1332 441 1367 in
461 1334 510 1370 N.
533 1345 586 1380 pr.
602 1356 614 1375 ‚
640 1343 722 1369 tum
744 1332 849 1380 quod
872 1331 1013 1370 ibidem
1033 1331 1118 1370 vifit
1139 1331 1296 1370 Achillis
1316 1335 1548 1381 sepulcrum,
1574 1338 1637 1375 cui

111 1381 328 1420 Alexander
355 1381 450 1418 sacra
477 1381 593 1420 fecit,
621 1381 836 1430 praedicans
864 1381 1016 1419 felicem
1046 1382 1176 1424 illum,
1208 1383 1309 1431 quod
1331 1384 1543 1422 Patroclum
1571 1385 1639 1423 ha-

114 1429 249 1470 buisset
267 1430 452 1472 amicum.
478 1432 526 1468 cf.
550 1433 675 1477 Heyn.
696 1430 788 1468 Hist.
810 1442 847 1478 3,
869 1441 951 1480 583.
974 1431 1021 1475 i.,
1048 1432 1150 1469 unde
1168 1445 1256 1469 mox
1275 1445 1427 1482 quoque
1446 1447 1501 1483 ap.
1515 1435 1638 1473 Nostr.

114 1480 164 1518 de
188 1481 376 1518 Patroclo,
423 1481 497 1518 Sed
528 1494 585 1529 ap.
613 1481 731 1518 Dion.
754 1482 797 1518 C.
830 1494 866 1528 p.
892 1491 996 1526 1302.
1017 1494 1050 1518 e.
1084 1488 1142 1519 τὸν
1164 1481 1329 1528 Ἀχιλλέκ
1357 1482 1413 1526 uu.)
1439 1488 1638 1530 ἐνανίςμασι

114 1528 170 1575 καὶ
189 1532 407 1578 περιδρομαῖς
429 1535 590 1572 {vexatam
609 1528 664 1572 moi
688 1529 816 1569 ἑαυτοῦ
836 1530 891 1574 καὶ
916 1539 982 1569 τῶν
1004 1539 1195 1578 ςξατιωτῶν
1213 1537 1372 1576 ἐτίμησε,
1391 1553 1429 1561 -
1455 1533 1508 1576 καὶ
1536 1537 1641 1572 αὐτὸν

113 1586 172 1618 τὸν
199 1579 370 1625 Ἀχιλλέα
399 1582 552 1626 χαλκοῦν
580 1576 704 1623 ἕςησε,
741 1591 781 1617 et
807 1581 852 1618 ad
881 1581 965 1617 Ael.
991 1581 1037 1618 V.
1055 1581 1093 1620 h.
1121 1594 1178 1625 12,
1197 1593 1230 1626 7.
1265 1579 1316 1619 ὅτι
1337 1583 1553 1629 Ἀλέξανδρος
1579 1589 1640 1622 τὸν

112 1628 304 1676 Ἀχιλλέως
320 1634 429 1674 τάφον
447 1634 657 1676 ἐςεφάνωεε.
685 1629 734 1667 Ν.
754 1641 891 1670 „more
913 1629 989 1667 scil.
1011 1640 1195 1668 veterum.
1245 1630 1361 1668 Sertis
1384 1632 1486 1669 enim
1509 1642 1550 1668 et
1571 1644 1641 1668 co-

114 1679 221 1716 ronis
241 1677 434 1725 sepulchra
455 1680 612 1716 heroum
631 1678 809 1716 decorare
830 1678 1010 1717 solebant.
1046 1681 1165 1722 Quod
1183 1693 1200 1716 a
1214 1680 1468 1719 Kirchmanno
1487 1680 1530 1717 in
1548 1693 1640 1729 ope-

115 1741 156 1765 re
169 1727 217 1763 de
228 1727 436 1764 Funeribus
457 1726 766 1775 praetermissum,
792 1728 872 1774 (ubi
890 1741 1018 1768 tamen
1038 1730 1163 1768 Boecl.
1176 1742 1262 1768 ante
1281 1730 1432 1777 reperit,
1457 1740 1503 1766 ut
1513 1730 1639 1768 Leisn.

116 1788 273 1827 quoque
293 1776 333 1813 in
355 1790 404 1814 tn.
427 1779 536 1815 Ox.“
562 1777 777 1815 Kirchman.
799 1790 835 1827 p.
858 1789 943 1825 574.
963 1793 1070 1828 „quo
1089 1780 1135 1816 de
1154 1781 1246 1816 mihi
1262 1778 1356 1815 nihil
1376 1779 1514 1826 liquet,
1540 1778 1642 1817 libro

116 1825 307 1874 absente.)
333 1826 396 1863 hic
414 1825 540 1864 notari
559 1827 700 1865 debuit.
723 1846 763 1855 —
813 1828 867 1865 Ex
890 1828 966 1865 hoc
993 1829 1069 1867 ritu
1095 1829 1176 1878 post
1203 1827 1361 1866 eundem
1381 1828 1566 1866 Achillem
1586 1830 1642 1867 ita

116 1886 318 1913 veneratus
340 1875 390 1912 est
414 1876 658 1917 Antoninus,
682 1877 740 1913 uti
772 1877 886 1914 docet
912 1878 1074 1915 Herodi.
1103 1879 1129 1915 1.
1146 1893 1180 1925 4.
1209 1891 1240 1914 c.
1265 1885 1329 1918 8.“
1356 1876 1431 1913 line
1455 1878 1546 1920 Gr...
1572 1879 1642 1918 ubi

116 1927 184 1974 Bg.
204 1938 226 1962 e
244 1925 283 1962 P.
303 1923 453 1972 supplet
471 1937 545 1962 acc.
567 1938 677 1972 pron.
697 1928 822 1965 αὐτὸν»
860 1926 922 1964 sed
942 1927 1079 1964 Noster
1097 1929 1142 1964 ad
1164 1927 1304 1974 analog.
1328 1927 1366 1962 in
1389 1938 1422 1963 v.
1441 1943 1532 1973 κοςμ.
1553 1939 1642 1965 cum

118 1973 301 2012 adiunstis
320 1974 427 2013 subst.
442 1999 452 2017 ‚
476 1974 524 2011 de
541 1975 678 2023 quibus
699 1975 750 2011 cf.
776 1988 807 2018 1,
825 1987 862 2020 7,
887 1989 966 2018 11.,
992 1976 1216 2025 respiciente
1237 1978 1314 2023 Stp.
1328 1975 1399 2010 Th.
1423 1986 1457 2023 3,
1480 1988 1583 2023 1025.
1607 1989 1641 2013 e.

118 2036 155 2061 v.
176 2033 254 2070 ςεφ.
274 2024 432 2061 aliunde
450 2035 599 2061 tantum
620 2036 788 2068 morem,
817 2037 893 2074 quo
917 2026 965 2062 de
985 2028 1051 2074 Bg.
1075 2027 1119 2062 ad
1139 2028 1217 2063 Alc.
1238 2038 1296 2072 ep.
1317 2037 1351 2072 p.
1380 2027 1458 2070 163.
1486 2025 1643 2074 „cippis

120 2072 414 2120 imponebantur
433 2086 606 2111 coronae.
654 2073 711 2111 Est
729 2075 819 2111 haec
839 2075 988 2122 publica
1008 2075 1182 2112 materies
1196 2100 1207 2114 .
1233 2074 1315 2111 satis
1342 2074 1488 2110 nauata
1510 2076 1555 2112 ab
1579 2075 1644 2118 iis,

120 2122 188 2170 qui
210 2124 256 2160 de
277 2122 480 2170 sepulchris
504 2135 578 2160 vet.
598 2133 638 2160 et
663 2124 815 2160 coronis
834 2123 1038 2171 scripsere«
1060 2134 1097 2160 et
1118 2123 1267 2163 forsan.
1289 2122 1353 2170 qui
1379 2123 1579 2162 laudantur
1597 2124 1642 2163 in

119 2172 224 2209 Fabr.
251 2171 427 2220 bibliogr.
449 2183 526 2211 ant.
554 2184 590 2220 p.
618 2182 724 2218 1034.
749 2172 799 2216 i..
835 2185 995 2211 tenente
1020 2183 1208 2221 praeterea.
1234 2172 1357 2208 Leisn.
1379 2171 1417 2208 in
1446 2173 1547 2211 calce
1566 2175 1642 2211 Ox.

121 2221 201 2262 „de
221 2221 353 2268 tymbo
373 2223 417 2258 ab
436 2220 584 2269 Argivis
600 2222 738 2258 Achilli
761 2222 882 2260 erecto
903 2225 1018 2259 Hom.
1039 2221 1109 2262 ὀδ.
1128 2217 1178 2263 ὦ,
1209 2230 1267 2261 3ι.
1288 2221 1443 2257 Anthol.
1469 2223 1528 2259 111.
1546 2236 1584 2260 n.
1597 2226 1642 2260 ιδ.

119 2269 289 2307 Philostr.
303 2270 454 2307 Heroic.
468 2273 580 2308 0111.
591 2275 676 2318 736.
703 2273 828 2318 Qem
841 2272 992 2310 coronis
1010 2272 1233 2308 decorarunt
1249 2270 1511 2309 M.Alexander
1522 2284 1561 2309 et
1571 2273 1644 2308 Ca·-

122 2320 261 2357 racana.
276 2320 373 2357 Plut.
386 2319 425 2356 in
435 2320 657 2358 Alexandro.
669 2322 750 2358 Ael.
765 2323 808 2358 V.
827 2322 864 2357 h.
889 2332 939 2362 12,
952 2333 987 2365 7.
1010 2319 1132 2357 lustin.
1148 2331 1205 2360 11,
1227 2330 1261 2363 5,
1284 2319 1642 2358 12.Arr1·an.l.1.10.

120 2369 302 2406 Antioch.
314 2368 355 2405 in
375 2370 542 2418 Excerpt.
555 2370 677 2406 Vales.
691 2383 728 2417 p.
743 2376 858 2410 826.“
875 2370 921 2407 ad
930 2382 1042 2415 quem
1056 2371 1170 2405 Hom.
1181 2368 1305 2404 locum
1317 2380 1351 2403 v.
1364 2369 1412 2404 N.
1427 2369 1473 2406 de
1484 2369 1645 2407 Achillis

125 2418 290 2461 tumulo,
308 2419 443 2465 quode
463 2430 598 2456 ornato
615 2419 816 2466 consperso
834 2416 1074 2468 quefloribus
1092 2417 1258 2453 eNostro
1278 2417 1372 2454 nihil
1393 2418 1642 2458 haberNicol.

124 2468 333 2505 inTraEiat.
347 2469 393 2506 de
415 2468 585 2516 phyllob.
609 2480 643 2516 p.
667 2473 746 2511 175.
765 2469 798 2517 §.
819 2479 851 2515 3.
870 2468 972 2516 sqq„
999 2466 1047 2503 cf.
1071 2468 1110 2505 Z.
1139 2466 1182 2502 ad
1204 2468 1299 2504 Xen.
1329 2467 1419 2513 ’Λνβ
1440 2471 1482 2510 6,
1502 2481 1584 2515 429·
1605 2481 1642 2504 e·

127 2518 326 2554 Caeterum
345 2517 472 2554 omissa
493 2518 533 2553 in
554 2518 627 2554 Ms.
650 2520 710 2567 ssg.
730 2520 806 2554 duo
827 2517 964 2553 coronis
982 2529 1026 2552 ac
1042 2514 1266 2552 restituimus
1285 2516 1418 2563 partim
1439 2530 1460 2554 e
1481 2519 1519 2553 Ρ.
1538 2518 1646 2556 unde

128 2565 194 2602 ille
213 2565 253 2603 in
274 2567 357 2603 adv.
378 2578 458 2605 πολ.
475 2566 537 2604 ubi
557 2565 693 2603 Noster
712 2579 794 2603 cum
815 2580 849 2602 v.
869 2583 899 2603 κ.
920 2578 986 2611 per
1004 2565 1148 2613 analog.
1163 2564 1299 2606 modo,
1325 2565 1371 2601 cf.
1391 2565 1451 2603 Rs.
1462 2568 1527 2603 Or.
1539 2568 1587 2604 V.
1606 2571 1643 2606 6.

127 2615 241 2654 Dem.
261 2626 346 2653 cum
362 2618 435 2659 An.
459 2616 505 2652 ad
525 2618 569 2652 A.
590 2618 657 2653 Gr.
671 2617 717 2651 V.
737 2628 766 2651 1.
787 2618 879 2652 Xen.
901 2615 957 2650 M.
977 2616 1010 2649 S.
1030 2614 1112 2651 Ael.
1136 2615 1181 2650 V.
1199 2614 1238 2649 h.
1262 2614 1354 2651 Luc.
1375 2625 1414 2651 et
1439 2617 1497 2654 Fa.
1518 2618 1606 2654 Aes.

177 2673 287 2718 ζητῶν
304 2675 361 2716 τε)
385 2671 518 2708 Malim
537 2675 646 2719 ζητῶν
663 2676 698 2710 δὲ
718 2671 772 2713 καὶ
794 2671 1017 2719 Πειτςόίερύ.
1031 2670 1093 2717 qui
1113 2671 1229 2707 tacite
1238 2667 1440 2711 correxerit
1453 2687 1473 2711 e
1486 2675 1536 2717 P„
1549 2686 1642 2712 con-

127 2719 318 2758 sentiente
344 2720 410 2759 hic
430 2733 515 2758 cum
537 2722 607 2757 Ms.
626 2722 687 2757 Ba.
710 2720 863 2766 partim,
892 2720 980 2755 dum
1006 2717 1151 2756 omittit
1176 2732 1260 2756 cum
1283 2723 1342 2770 Bg.
1372 2724 1543 2761 voculam
1573 2726 1647 2768 καὶ,

128 2782 199 2821 pro
215 2771 327 2807 eriam
346 2769 373 2808 s.
395 2780 606 2820 praeterea,
630 2780 727 2819 quae
749 2769 790 2807 in
818 2768 972 2807 transitu
998 2770 1042 2806 nd
1067 2768 1137 2805 alia
1164 2768 1250 2808 sane
1271 2782 1327 2819 ap.
1350 2771 1471 2813 Nostr.
1491 2785 1579 2814 ante
1604 2773 1652 2815 see
