1722 3086
131 126 162 169 ,3
178 114 242 179 36
282 114 458 161 LIBER
478 115 536 162 II.
575 116 792 163 CARXI.
827 119 880 164 A.
905 119 958 164 V.
985 120 1033 167 C.
1057 119 1182 176 946,
1217 120 1358 170 ΕΗΒ.
1381 118 1444 169 N.
1467 137 1584 182 193.

132 223 314 300 σπουδῇ
335 230 413 280 καὶ
435 232 644 295 γενναίοις
656 230 802 288 πίνοις
812 231 887 289 τήν
924 255 983 286 ne
1035 250 1079 288 et
1129 242 1382 303 ingentibus
1432 243 1661 295 laboribus

130 300 229 356 ὁδὸν
243 306 495 370 ἐπετάχυνε
509 313 537 368 3,
563 306 676 374 μήτε
692 307 780 358 πού
796 312 885 359 ἐπι·
922 318 1005 363 iter
1056 318 1346 377 accelerabat,
1406 338 1552 386 neque
1593 323 1662 370 us-

128 377 368 454 ἓιοιτςῖβων
382 426 393 446 ,
433 381 545 450 μήτε
567 379 717 440 διὸοὑς
738 383 883 456 >wengiu
922 410 1054 457 quam
1069 411 1364 454 commotam,
1387 414 1532 463 neque
1547 417 1660 447 con·
1704 402 1706 422 ³

219 525 252 563 g)
279 523 346 555 MS.
368 522 422 554 Ba.
445 522 649 558 ἔπετᾶχυνεν·
686 521 754 553 οῧτέ
770 534 824 552 που
842 521 1030 564 ἐνδιατρίβων
1048 530 1079 554 λ.
1092 544 1103 560 ‚
1132 533 1217 565 quae
1233 534 1318 556 extr.
1338 526 1475 558 novitas
1492 526 1593 559 etiam
1613 525 1660 561 est

124 566 161 601 {n
179 569 265 602 Mss.
283 568 369 606 rel„
392 577 427 598 v.
445 566 515 604 N..
547 576 588 599 ut
605 566 639 598 in
659 576 802 599 accentu
820 578 896 599 cum
916 569 990 610 Stp.
1007 571 1083 606 μήτέ
1101 582 1154 601 που
1173 570 1368 613 conspirant
1385 571 1429 604 al.
1450 571 1504 604 ed.

122 683 198 724 N..
240 682 360 719 Thuc.
385 690 468 718 cum
490 681 578 719 Abr.
600 677 661 716 DI.
688 677 820 716 Herdt.
846 681 956 717 Dem.
977 680 1019 719 1s.
1042 683 1126 718 Pan.
1145 682 1198 719 M.
1229 682 1310 719 Ael.
1333 684 1379 722 V.
1400 685 1437 721 h.
1468 686 1586 725 Dion.
1605 688 1665 725 H..

125 736 160 771 S.
181 734 230 769 T.
252 743 326 769 utr.
354 732 471 770 Diod.
495 732 529 768 S.
554 731 661 767 Polb.
681 731 770 766 Luc.
792 730 889 767 Pint.
914 731 978 768 Hs.
1008 734 1110 768 Harl.
1131 733 1217 769 Chr.
1239 733 1326 775 Gr.,
1363 745 1424 778 et,
1457 737 1580 784 quoad
1603 737 1657 772 el.

122 781 234 831 lipfin
256 795 377 832 praep.
402 788 458 822 ἐκ,
482 782 567 824 reL,
595 781 637 816 L.
660 779 736 817 Bos.
762 791 796 827 p·
814 792 894 828 490.
910 795 941 818 e.
970 780 1110 818 D'Orv.
1131 782 1197 818 Ch.
1218 796 1251 830 p.
1277 795 1356 829 195.
1379 797 1411 820 e.
1437 796 1476 822 et
1495 786 1574 822 lnd.
1599 786 1654 823 Fi.

121 833 255 872 Aesch.
269 859 279 875 ‚
316 845 399 870 tum
421 831 507 869 Zos.
531 844 561 873 1,
583 842 644 877 40,
666 843 697 866 ε.
722 828 830 868 ὅδοιπ.
852 831 991 876 εἴχετο,
1019 831 1090 868 iter
1107 832 1336 881 pevsequens,
1362 832 1438 870 fine
1458 834 1559 871 artic.
1573 847 1657 871 tan—

122 896 230 925 tum,
274 897 304 927 ι,
324 898 362 930 4,
386 894 417 929 3.
438 888 502 927 εῑχ.
526 889 638 923 τῆς-ο
657 878 745 922 ὁδοῦ,
773 880 910 918 itinere
928 882 1126 924 contendit,
1152 894 1182 924 1,
1205 895 1262 929 54,
1284 896 1315 928 5.
1335 885 1530 924 contendit,
1559 896 1654 933 quae
1721 885 1722 896 ¹

120 948 196 974 una
221 934 365 981 reperi,
401 933 460 970 sed
481 946 501 969 e
523 931 658 968 Nostro
679 930 782 967 dusta
805 943 845 967 et
865 930 939 978 ipsa
961 931 1121 974 fortasse,
1149 933 1212 982 qui
1235 932 1279 968 ad
1299 934 1443 982 analag.
1462 934 1653 980 scripserit

121 985 286 1023 aliorum
305 984 344 1020 in
363 988 418 1029 ἐχ.
446 982 543 1020 med.
564 994 648 1017 cum
670 992 754 1029 gen.
785 982 861 1021 rei,
895 994 967 1018 nec
982 985 1063 1029 Stp.
1082 983 1156 1018 Th.
1178 993 1357 1026 tenente,
1392 982 1460 1020 nisi
1476 996 1497 1020 e
1515 983 1653 1021 Nostro

124 1049 158 1078 ι,
185 1047 278 1082 13²2·
301 1034 325 1072 i.
351 1033 427 1069 fine
454 1030 620 1069 numeris
653 1042 691 1067 et
719 1032 784 1066 Vs.
809 1035 892 1077 »ἔχῃ
914 1041 974 1074 τῆς
1003 1030 1078 1070 ὁδοῦ
1098 1042 1138 1069 et
1153 1041 1215 1076 τῆς
1235 1032 1342 1070 {Romu
1372 1034 1475 1082 quod
1497 1031 1656 1081 quidem

120 1086 259 1134 interp.
277 1083 448 1134 capessere
466 1082 561 1118 viam
575 1105 585 1122 ‚
614 1082 706 1130 (quo
726 1082 804 1117 Lat.
830 1093 868 1117 et
885 1081 1094 1119 redduntur
1112 1083 1194 1119 loca
1215 1084 1330 1119 Hom.
1351 1084 1428 1120 Ind.
1450 1096 1468 1120 a
1487 1083 1565 1126 CL,
1591 1082 1654 1120 sed

122 1150 160 1179 2,
186 1139 290 1182 1163.
314 1136 361 1170 D.
382 1146 429 1169 tn.
459 1133 549 1169 hinc
577 1130 652 1167 fine
674 1130 874 1171 numeris.)
893 1147 925 1169 τ,
945 1130 972 1168 ὅ.
993 1137 1085 1178 εἷχ.,
1124 1145 1193 1179 pro
1217 1145 1293 1181 quo
1322 1133 1525 1181 aliquando
1559 1133 1654 1170 dicit

119 1203 155 1225 τ.
179 1186 255 1223 ἇδοῦ
271 1189 361 1229 εἰχ.,
392 1183 598 1220 intendebat
615 1180 827 1229 susceptum
854 1181 959 1217 iter«
983 1182 1185 1232 ignorante
1204 1184 1253 1220 G.
1277 1183 1348 1219 Th.
1368 1182 1568 1221 formulam
1585 1185 1654 1232 Bg·

118 1250 141 1274 e
157 1237 199 1274 St
211 1249 237 1271 ν.
261 1248 310 1272 m.

175 1250 341 1331 ἐνιῐ-εταχ.)
373 1284 447 1320 Ms.
466 1280 637 1319 additum
661 1300 676 1320 ν
697 1286 752 1328 ἐφ.
768 1306 778 1322 ,
807 1280 869 1317 sed
890 1292 1031 1318 mutata
1050 1280 1155 1319 fimul
1179 1294 1287 1331 neg.,
1316 1295 1333 1318 a
1356 1281 1573 1320 Gloffatoris
1595 1281 1653 1318 in-

122 1337 236 1389 genio
256 1335 306 1372 est
320 1361 329 1375 ‚
367 1345 452 1369 cum
470 1332 584 1368 semel
605 1345 670 1380 per
698 1344 863 1367 errorem
884 1330 1043 1379 pofitum
1063 1350 1079 1370 ν
1100 1333 1222 1370 nollet
1242 1333 1376 1370 iterum
1397 1333 1553 1374 tollere,
1587 1343 1654 1370 aut

121 1388 240 1428 alius.
276 1403 290 1423 ν
310 1389 365 1431 ἐφ.
386 1382 594 1430 reperiens,
623 1383 803 1430 sequente
819 1397 857 1423 μ,
877 1382 1113 1418 consonante
1127 1406 1137 1423 ‚
1166 1395 1246 1419 non
1270 1382 1306 1417 id
1329 1383 1467 1419 re8tum
1482 1393 1654 1430 putarem

122 1436 276 1475 liberius
301 1437 434 1472 iterum
461 1433 653 1481 agente—„R
667 1457 677 1472 ‚
707 1443 820 1479 quern
841 1431 923 1466 Sch.
944 1431 1078 1468 deserit
1097 1431 1137 1466 in
1163 1448 1248 1472 ωσυ.
1270 1431 1340 1467 iter
1360 1431 1655 1468 maturabatstu·

123 1487 187 1526 dio
208 1487 408 1526 concitato,
442 1482 491 1520 ὅδ’.
515 1482 586 1518 iter
598 1482 840 1522 accelerabat,
864 1486 916 1520 ἐπ.
937 1482 1182 1523 accelerabat,
1220 1481 1396 1530 urgebat,
1419 1482 1523 1517 iter“
1556 1492 1652 1527 quae

119 1537 234 1588 postr.
254 1535 342 1573 sunt
360 1546 399 1571 et
417 1546 473 1580 ap.
495 1534 576 1579 Stp.
596 1532 671 1568 Th.
689 1531 779 1568 hinc
800 1531 838 1566 in
858 1544 889 1567 v.
904 1555 916 1571 ‚
940 1529 1002 1566 sed
1025 1542 1091 1578 per
1110 1530 1268 1567 eandem
1288 1530 1492 1568 reffionem
1515 1541 1651 1568 etcum
1699 1547 1703 1563 ·,

120 1601 196 1625 acc.
219 1587 333 1625 modo
358 1598 378 1621 e
400 1585 517 1625 plut„
543 1581 591 1618 cf.
604 1593 729 1618 tamen
742 1593 827 1616 curn
848 1578 954 1617 fimili
972 1579 1031 1617 τᾶν
1052 1577 1170 1627 δρόμον
1182 1582 1267 1616 Abr.
1282 1580 1344 1618 Dl.
1356 1580 1431 1616 Th.
1450 1592 1489 1617 et
1509 1592 1592 1616 cum
1605 1578 1653 1615 al.

119 1639 203 1677 lnd.
229 1637 344 1674 Dion.
365 1635 415 1670 H.
442 1636 479 1669 S.
501 1635 550 1669 T.
566 1645 623 1675 2.‚
659 1643 704 1668 ut
723 1632 771 1667 T.
787 1643 817 1667 1.
840 1629 1028 1671 absolute,
1056 1631 1118 1667 sed
1140 1642 1224 1667 cum
1246 1642 1328 1678 gen.
1349 1638 1410 1672 τῆς
1433 1631 1506 1668 ὁδοῦ
1527 1630 1652 1665 Thuc-

120 1689 245 1730 Schol.
267 1699 354 1724 cum
374 1684 463 1720 Abr.
481 1684 506 1719 l.
527 1683 550 1719 1.
565 1706 575 1724 ,
605 1681 798 1729 pendente
819 1692 889 1717 utr.
908 1679 989 1715 casu
1010 1692 1029 1715 a
1047 1692 1194 1727 praep..
1221 1691 1284 1716 aut
1296 1679 1432 1723 minus,
1459 1690 1502 1717 ut
1514 1678 1652 1715 redun-

122 1744 188 1780 det
209 1750 358 1787 praep„
393 1745 436 1771 ut
458 1733 496 1769 in
516 1733 642 1769 severo
661 1733 723 1779 Bg.
742 1731 845 1772 Lat..
878 1731 949 1776 (ap.
971 1730 1018 1766 G.
1037 1730 1112 1765 Th.
1137 1742 1221 1766 cum
1241 1730 1308 1765 Gr.
1331 1729 1399 1770 al„
1431 1729 1492 1766 scd
1521 1728 1652 1765 eadem

120 1803 208 1830 cum
229 1787 406 1831 formula)
430 1783 685 1832 partimeStp.
700 1793 746 1817 m.
761 1807 772 1823 ,
798 1778 861 1827 qui
882 1780 932 1816 ib.
952 1778 992 1815 in
1011 1794 1064 1816 ov:
1087 1780 1130 1815 ad
1151 1778 1318 1821 sensum,
1352 1777 1546 1816 sedinTh.
1562 1777 1651 1815 hine

119 1841 226 1886 „acri
246 1835 462 1885 diligentia,
499 1832 523 1869 s.
547 1841 715 1870 contenta
741 1829 1014 1867 festinatione‹<
1048 1828 1097 1865 cf.
1117 1829 1210 1866 Bud.
1233 1831 1274 1865 C.
1299 1840 1384 1875 904,
1407 1838 1463 1870 ¹8.
1493 1828 1586 1865 Poll.
1613 1838 1650 1875 32

121 1904 206 1932 120.
228 1890 410 1929 intentus,
449 1882 532 1931 (ubi
553 1884 598 1920 G.
624 1881 701 1916 Th.
719 1880 796 1929 syn.
820 1876 979 1925 ἔντονος-0
1001 1893 1037 1926 4,
1058 1888 1117 1925 78.
1133 1879 1342 1920 continuus,
1376 1879 1464 1916 Hes.
1482 1884 1650 1919 σύντονον,

120 1938 323 1991 σφοδρὸν,-
345 1940 507 1981 συνεχὲς,
537 1945 620 1970 cum
640 1932 719 1970 N.,
743 1929 848 1968 Suid.
868 1932 998 1978 3‚365.
1020 1943 1052 1966 e.
1067 1953 1078 1970 ‚
1105 1941 1178 1965 nec
1197 1927 1288 1965 mihi
1303 1940 1453 1976 reperto
1473 1927 1546 1965 adi.
1561 1940 1648 1964 cum

116 1992 225 2032 subst.
245 2006 328 2031 cna,
355 1986 416 2023 sed
436 1997 522 2021 cum
541 1983 607 2024 aL,
635 1994 670 2018 v.
683 1980 802 2017 Dion.
822 1982 869 2016 H.
891 1981 926 2016 S.
948 1980 996 2014 T.
1015 1991 1044 2015 r.
1073 1979 1174 2016 Polb.
1188 1992 1271 2016 cum
1283 1978 1324 2015 Z.
1345 1979 1388 2015 ad
1403 1977 1510 2028 vig..
1528 1977 1648 2015 Diod.

116 2047 155 2081 S.
181 2056 212 2085 ι,
232 2052 318 2087 429.
340 2037 458 2076 N.86.
482 2044 521 2069 et
540 2046 574 2076 2,
598 2040 676 2078 183.
698 2030 745 2067 N.
771 2042 802 2065 ι.
833 2031 920 2066 Ern.
940 2029 984 2066 ad
1006 2029 1096 2066 Cau.
1119 2030 1164 2064 T.
1183 2042 1210 2064 1.
1233 2041 1268 2076 p.
1285 2038 1364 2075 337.
1383 2041 1430 2065 m.
1458 2030 1588 2075 Toup.
1601 2026 1649 2062 ad

117 2091 221 2132 Suid.
250 2103 282 2132 ι,
307 2096 389 2136 138.
407 2084 430 2121 i.
461 2083 552 2121 Phil.
576 2082 616 2118 in
639 2080 691 2118 ΡΙ.
715 2093 748 2127 p.
763 2083 849 2125 760.
870 2080 919 2117 D.
946 2079 1033 2114 con.
1053 2090 1137 2124 750.
1155 2080 1194 2115 F.
1213 2079 1237 2114 i.
1264 2078 1350 2115 Zos.
1367 2092 1401 2124 4,
1425 2089 1575 2126 35,12.,
1603 2086 1647 2114 ut

116 2142 284 2182 absolute
305 2136 386 2176 lnd.
405 2135 502 2172 Xera.
522 2133 602 2170 Pol.
623 2132 666 2168 Z.
690 2130 772 2167 Ael.
794 2131 842 2164 V.
862 2129 899 2164 h.
926 2129 1015 2165 Abr.
1029 2128 1067 2163 L.
1079 2131 1143 2167 Ar.
1164 2127 1258 2165 etin
1274 2141 1353 2165 rem
1364 2127 1529 2165 criticam
1545 2126 1650 2165 Foes.

117 2207 157 2243 p,
183 2197 264 2240 3⁶¹·
284 2201 315 2227 a,
337 2200 386 2223 m.
416 2186 461 2221 ad
483 2182 568 2219 Hes.
592 2194 623 2224 1,
647 2192 750 2225 1422.
771 2180 818 2215 N.
842 2184 894 2215 16.
923 2180 967 2216 ad
993 2179 1099 2232 Snid.
1121 2188 1155 2225 3,
1175 2187 1256 2223 587.
1278 2178 1326 2214 N.
1343 2188 1376 2224 3.
1407 2188 1447 2214 et
1473 2176 1574 2214 Kust.
1599 2175 1648 2213 ad.

115 2243 242 2282 schol.
259 2237 366 2276 Arist.
384 2235 438 2272 ΡΙ.
457 2247 491 2270 v.
507 2244 589 2276 257.
617 2231 659 2267 it.
684 2229 812 2266 Valck.
835 2228 879 2264 ad
892 2229 977 2265 Eur.
992 2228 1109 2276 HJpp.
1131 2241 1163 2263 v.
1186 2232 1285 2275 1361.
1298 2253 1310 2269 ,
1336 2225 1648 2265 varianteNostro

116 2305 203 2336 <um
230 2304 260 2334 ι,
286 2301 320 2332 7,
346 2298 400 2329 3.‚
433 2288 522 2329 μετὰ
539 2289 684 2324 νεανικῆς
704 2293 764 2316 ex.
787 2291 851 2326 per
871 2277 950 2327 syn.
971 2279 1040 2314 abi.
1059 2288 1099 2314 et
1119 2278 1191 2315 adi.

168 2340 257 2388 μήτε
275 2357 313 2378 n·-
337 2330 525 2380 ἑπιδιατς.)
555 2330 650 2368 Cod.
671 2333 813 2374 ἔνδικα-ρ.
833 2327 967 2363 Stroth.
996 2341 1016 2363 c
1040 2327 1149 2376 glossa
1176 2339 1275 2364 mera
1305 2327 1346 2364 in
1373 2325 1539 2376 compos.
1571 2324 1646 2362 alio

109 2393 279 2435 iterum,
317 2400 356 2425 et
376 2398 440 2433 per
459 2380 682 2420 contrariam
705 2390 852 2425 praep..
880 2390 921 2413 ac
941 2391 976 2420 2,
999 2389 1031 2422 ς,
1055 2387 1090 2419 8.
1110 2390 1166 2418 e.‚
1202 2377 1314 2425 idque
1329 2378 1390 2414 vel
1411 2389 1454 2414 ex
1472 2376 1554 2413 aliis
1566 2377 1645 2412 No-

113 2442 176 2483 stri
198 2440 311 2482 locis,
344 2436 404 2473 vel
426 2433 625 2471 substituto
644 2442 680 2466 v.
707 2429 822 2476 magis
843 2426 1038 2476 frequenti
1059 2437 1099 2463 et
1115 2427 1279 2476 vulgari,
1308 2439 1392 2464 cum
1414 2429 1501 2468 ἐνδ.,
1540 2437 1646 2474 prae-

114 2504 173 2530 ter
193 2493 273 2538 Stp.
294 2489 368 2526 Th.
389 2497 427 2522 et
450 2481 540 2520 Poss'.
567 2480 681 2521 Call..
719 2477 764 2514 it.
782 2476 889 2518 Hes.‚
917 2489 998 2514 non
1017 2476 1104 2512 con.
1122 2477 1224 2513 Suid.
1238 2501 1250 2518 ,
1280 2476 1383 2514 Misc.
1404 2477 1451 2512 O.
1475 2477 1521 2512 A.
1541 2476 1658 2522 Nov„

113 2544 212 2582 T.6.
238 2554 272 2587 p.
291 2541 398 2586 506...
432 2532 478 2571 fit
508 2529 652 2580 phyfice
669 2528 711 2564 in
738 2527 824 2564 lnd.
855 2527 974 2563 Thnc.
1011 2538 1096 2562 cum
1120 2527 1292 2564 ,Abr.Di.
1324 2528 1365 2564 R.
1381 2527 1449 2562 Or.
1473 2527 1518 2561 V.
1537 2539 1572 2572 4.
1602 2533 1643 2561 et

111 2594 226 2634 nem,
247 2591 344 2626 Xen.
377 2587 467 2632 Cyr.
485 2581 602 2619 Diod.
619 2580 656 2615 S.
686 2577 805 2614 Dion.
826 2576 902 2613 Cas.
927 2579 1052 2624 Geop.
1082 2579 1172 2614 Luc.
1194 2588 1267 2612 una
1292 2588 1377 2613 cum
1397 2588 1443 2616 2..
1458 2584 1489 2616 8.
1510 2576 1558 2613 N.
1579 2585 1640 2620 47.

113 2656 156 2683 et
176 2654 211 2689 3,
237 2653 316 2687 ¹9¹·
335 2638 381 2675 Ν,
401 2637 482 2682 36,,
507 2629 656 2678 tropice
677 2626 781 2665 Polb.
796 2651 807 2667 ‚
843 2637 881 2662 at
899 2630 984 2664 ἐπιδ.
1007 2626 1047 2663 in
1067 2627 1130 2662 Sb.
1151 2628 1232 2662 lnd.
1251 2627 1341 2662 hinc
1367 2624 1503 2669 modo,
1524 2627 1644 2662 immo-

113 2705 228 2733 rans,
267 2690 329 2726 sed
350 2699 408 2734 ap.
426 2685 507 2730 Stp.
526 2682 602 2718 Th.
630 2677 687 2720 υἱ.
709 2689 742 2725 q.
763 2680 847 2718 ἐνδ.,
878 2676 1081 2718 immoror,
1113 2686 1262 2722 tempus
1284 2688 1363 2712 tero
1394 2677 1454 2718 ὡς
1486 2676 1565 2713 aliis
1582 2674 1643 2711 in·

113 2740 341 2789 terquiesco.
392 2731 583 2771 Herodot.
599 2725 689 2775 μιῖτὲ
709 2742 776 2764 που
793 2728 1034 2772 ἐπιδιατρίβω,
1061 2737 1131 2761 nec
1152 2725 1259 2762 ullibi
1278 2737 1424 2773 tempus
1446 2734 1583 2765 terens,
1612 2722 1643 2771 s,

114 2802 261 2833 moram
271 2788 421 2827 trahens
432 2779 809 2830 etinterquiescens«
830 2787 872 2814 ut
881 2778 970 2814 Lex.
983 2774 1059 2813 Bas.
1072 2774 1372 2825 ,‚interquiesco,
1386 2786 1469 2813 tero
1478 2784 1643 2824 tempus.
