1687 3137
166 140 339 188 LIBER
360 141 417 192 Π.
449 141 622 188 CARI.
663 141 719 188 A.
733 140 791 187 V.
817 138 867 187 C.
890 138 1011 196 946.
1057 138 1196 190 CHR.v
1214 138 1278 191 N,
1303 149 1423 195 193.
1547 152 1576 196 9

57 256 78 307 ὅ
100 250 149 307 δὲ
160 261 327 311 Δαῖτος
346 251 666 314 καιΥΈκλεκτος
691 254 797 321 ἅμα.
837 261 884 313 6,
923 258 1146 309 miserunt.
1205 263 1366 311 Laetus
1381 268 1527 308 autem
1539 269 1583 308 et

59 417 112 445 ut
123 406 254 444 statuas
270 404 371 449 eius,
407 405 458 442 ita
479 404 590 443 etiam
613 417 749 453 corpus
768 405 910 445 trahere
931 416 969 441 et
992 405 1152 445 lacerare
1168 404 1306 446 vellet,
1332 404 1434 451 quod
1455 402 1580 452 ipsum

59 458 204 504 Lampr.
228 457 339 493 habet
359 455 445 492 l.c.:
493 454 664 492 Pertinax
693 455 787 492 dixit
807 455 932 501 (Xiph.
952 456 988 491 S.
1011 468 1043 502 p.
1059 464 1139 500 387·
1160 454 1185 489 l.
1205 456 1276 500 ro.)
1306 458 1352 501 τῇ
1370 457 1416 501 γῇ
1439 451 1498 498 ἤδη
1519 455 1580 492 τόν

59 504 170 558 νεκρόν
191 502 387 553 κεκςόφὲοω.
438 504 558 553 Postea
577 517 690 547 vero,
723 504 848 542 sedato
869 504 944 541 scil.
966 504 1090 553 primo
1121 503 1251 550 populi
1274 506 1462 546 tumultu,
1495 516 1581 540 cor-

59 568 128 604 pus
148 553 345 595 Commodi
374 553 476 603 (itffu
496 556 718 602 Pertinacis)
741 553 781 591 in
808 555 1063 590 monumentum
1092 553 1245 590 Adriani
1275 555 1493 590 translatum
1520 552 1580 604 est.

58 607 164 642 Haec
185 605 270 642 sunt
290 604 399 640 verba
421 603 621 650 Lampridii
643 617 672 642 c.
688 617 743 647 17.
762 603 804 641 in
826 607 974 640 Comm.
994 605 1046 650 (p.
1063 605 1164 649 521.)
1214 604 1302 639 Hoc
1322 601 1582 643 veroAdriani
1622 602 1626 609 '

59 651 445 711 monumentum'fine
466 653 581 690 dubio
602 653 652 690 est
669 653 768 690 idem
795 654 889 690 illud
910 654 1104 700 templum,
1130 652 1238 689 cuius
1251 653 1490 690 Herodianus
1505 665 1582 689 me-

57 704 170 740 minit
188 717 222 750 4.
251 715 282 744 1,
302 716 336 746 7.
351 727 362 745 ,
388 703 432 738 ad
454 715 566 751 quem
589 704 715 740 locum
737 716 822 740 cum
843 704 1026 741 Memmio
1047 713 1226 749 provocat
1245 701 1434 739 Strothius
1448 727 1459 744 ‚
1494 699 1578 740 ἔνθα

56 759 196 799 Μάρκου
214 758 253 791 τὲ
272 760 327 790 καὶ
349 761 414 790 τῶν
434 751 500 798 oreti
521 755 627 790 αὐτοῦ
649 759 817 797 βασιλέων
832 778 842 793 ‚
878 753 967 788 hinc
989 764 1028 789 et
1047 750 1225 794 Adriani,
1264 752 1308 788 ad
1338 752 1441 789 culus
1465 751 1581 788 fami-

55 804 144 840 liam
159 827 170 844 ,
205 802 285 838 iure
304 801 430 838 saltem
453 802 690 849 adoptionis,
727 803 937 851 pertinebat
956 804 1121 843 Marcus,
1161 807 1234 847 ἱερὰ
1252 801 1414 846 μνήματα
1436 805 1580 839 δείκνυν-

53 868 121 893 τωι.
173 853 225 890 Ex
248 851 304 887 his
325 850 517 888 clarissime
535 853 672 889 elucet,
699 853 773 888 hoc
792 852 1063 899 imperatorum
1076 850 1269 898 publicum
1287 862 1580 888 monumentum

54 913 133 937 non
163 901 232 936 esse
263 901 361 948 posse
385 900 507 943 idem,
543 903 644 949 quod
664 903 844 947 Ἀςις-εῖον,
880 901 1083 948 quoniam,
1122 910 1166 935 ut
1184 913 1228 937 ex
1250 900 1457 937 Herodiani
1487 912 1574 937 cum

53 949 269 998 Lampridio
288 950 567 996 comparatione
588 963 760 998 apparet,
785 951 826 987 in
848 951 918 986 hoc
937 951 1074 998 prima,
1100 949 1138 985 in
1158 949 1226 985 illo
1247 949 1404 988 secunda
1426 949 1580 988 demum

51 992 265 1037 Commodi
281 999 468 1046 sepultura
488 1000 577 1035 fasta
598 1002 660 1035 est.
710 1003 755 1036 ln
777 1012 853 1035 eam
881 999 1006 1046 itaque
1026 998 1193 1035 deducor
1204 997 1488 1046 cogitationem.
1512 1011 1581 1036 vo-

54 1061 134 1085 cem
156 1051 272 1090 hanc,
307 1060 422 1094 uuum
443 1049 681 1094 praesertim,
714 1048 819 1086 sensu
841 1048 917 1086 scil.
940 1050 984 1084 ad
1011 1047 1110 1084 hunc
1133 1048 1260 1084 locum
1279 1047 1579 1091 accommodato.

0 1093 18 1139 '⁷
54 1110 112 1146 ap.
136 1098 282 1134 nullum
295 1098 409 1133 alium
431 1097 616 1134 merorem
631 1109 813 1141 occurrat,
839 1099 960 1134 minus
983 1098 1078 1134 reste
1094 1096 1156 1132 hic
1174 1097 1261 1145 legi.
1287 1100 1289 1102 ’
1314 1098 1366 1133 En
1388 1096 1581 1135 coniestu-

53 1159 129 1183 tam
152 1149 290 1183 meam!
333 1148 432 1195 Lego
445 1142 564 1193 ’Ἂςεος
584 1159 649 1184 aut
669 1145 795 1195 ’Ἄρεως
815 1150 850 1176 -“
872 1159 940 1195 qua
962 1147 1081 1183 forma
1106 1146 1237 1183 Noster
1256 1146 1372 1184 utitur
1395 1161 1430 1193 4,
1450 1160 1484 1189 2,
1508 1160 1579 1190 11.‚

51 1197 118 1246 ‘qui
144 1197 250 1233 locus
270 1194 383 1233 etiam
400 1198 682 1244 quodammodo
703 1195 1225 1233 confirmat'emendationem
1249 1208 1430 1239 meam‚—
1453 1201 1580 1235 πεδίον.

53 1249 177 1288 Quam
200 1245 311 1282 facile
340 1258 385 1282 ex
410 1254 715 1285 ΑΡΕΟΣΠΕΔΙΟΝ
733 1247 849 1283 enasci
879 1246 1048 1294 potuerit
1074 1253 1331 1288 ΑΡΙΣΤΕΙΟΝ,
1363 1259 1478 1283 nemo
1498 1259 1580 1284 non

53 1295 171 1332 videt.
224 1297 265 1332 ln
288 1296 432 1343 Campo
454 1295 592 1332 Martio
613 1309 700 1333 vero
722 1309 831 1345 quam
853 1296 1051 1343 saepissime
1071 1297 1170 1331 viros
1192 1295 1353 1338 nobiles,
1378 1295 1418 1332 in
1446 1296 1579 1343 primis

53 1345 300 1393 imperatores
319 1357 399 1381 non
426 1344 543 1381 solum
568 1359 749 1383 crematos
769 1345 861 1387 effe,
890 1345 950 1382 sed
976 1345 1138 1392 sepultos
1160 1345 1293 1387 etiam,
1327 1344 1366 1381 id
1399 1344 1579 1394 equidem

53 1394 191 1445 possem
212 1405 347 1444 magno
368 1397 625 1441 exemplorum
644 1407 803 1433 numero
824 1395 1055 1432 confirmare.
1113 1394 1311 1431 Sufficient
1329 1407 1374 1432 ex
1404 1394 1579 1442 plurimis

53 1457 181 1495 pauca.
235 1443 400 1482 Primum
420 1445 557 1492 Syllam
578 1444 618 1482 in
636 1457 769 1492 campo
789 1445 926 1481 Martio
947 1443 1104 1480 honoris
1124 1444 1227 1480 causa
1258 1444 1444 1492 sepultum
1458 1469 1472 1487 ,,
1504 1455 1578 1481 tra—

53 1493 111 1531 dit
129 1492 335 1542 Appianas.
381 1495 485 1531 Idem
504 1495 722 1531 Plutarchus
741 1495 866 1536 docet,
896 1495 958 1542 qui
983 1494 1139 1530 Lucullo
1160 1506 1314 1540 quoque
1330 1496 1495 1535 eundem
1508 1495 1579 1532 ho-

51 1557 186 1581 norem
207 1542 373 1580 habitum
393 1556 528 1586 narrat.
577 1545 690 1580 Porro
703 1545 918 1583 Marcellus.
945 1543 1048 1580 filius‘
1063 1542 1200 1579 sororis
1220 1543 1386 1591 Augusti,
1418 1544 1459 1581 in
1479 1555 1579 1581 cam-

54 1606 106 1642 po
129 1595 178 1630 M.
200 1593 366 1640 sepultus
386 1591 457 1633 est,
491 1605 532 1630 ut
553 1594 688 1630 diserte
706 1604 829 1630 narrat
849 1595 950 1629 Serv.
972 1593 1014 1628 ad
1028 1593 1132 1641 Virg⁴
1144 1594 1234 1628 Aen.
1250 1593 1444 1642 6›873-sq·
1493 1593 1578 1641 lpse

55 1642 192 1680 deinde
221 1642 426 1689 Augustus,
459 1644 561 1679 Suet.
581 1656 611 1679 c.
636 1655 713 1679 ¹00.
736 1645 824 1680 Tac.
847 1645 921 1679 An.
949 1655 978 1681 ι,
999 1652 1054 1683 8.,
1094 1642 1157 1678 ubi
1179 1643 1279 1678 inter
1307 1642 1375 1678 alia
1395 1643 1577 1681 Tiberius

35 1702 228 1739 ‘campum
253 1693 307 1730 M.
334 1703 448 1729 vocat
476 1691 600 1729 sedem
627 1692 835 1739 sepulturae
864 1692 1091 1730 destinatam.
1154 1691 1386 1727 Mausoleum
1418 1704 1576 1741 quoque

53 1741 207 1790 Augusti
225 1741 266 1778 in
288 1753 420 1788 campo
441 1743 494 1778 M.
513 1742 557 1778 ad
577 1743 691 1789 ripam
716 1742 862 1779 Tiberis
886 1752 963 1777 erat
982 1741 1199 1778 exstructum
1212 1767 1222 1783 ,
1248 1739 1424 1778 efistrab.
1438 1741 1578 1779 ed.Ca-

53 1791 153 1829 saub.
173 1803 205 1839 p.
226 1794 308 1838 236.
362 1790 504 1829 Ibidem
529 1791 774 1828 Germanicus
798 1792 962 1838 sepultus
984 1790 1033 1826 est
1055 1792 1143 1826 Tac.
1162 1792 1235 1827 An.
1259 1801 1294 1836 3,
1315 1806 1346 1836 4.
1375 1802 1414 1827 et
1432 1791 1578 1828 Britan·

54 1842 164 1877 nicus
183 1841 231 1876 ib.
255 1850 313 1886 ις,
336 1852 390 1883 ¹7.
441 1841 513 1877 Sed
537 1841 628 1876 ohe!
665 1841 735 1876 iam
756 1841 838 1876 satis
857 1840 906 1875 est
928 1841 1183 1886 exemplorum
1197 1865 1206 1881 ,
1231 1851 1271 1875 et
1286 1853 1327 1875 ex
1340 1839 1466 1877 Dione
1479 1841 1576 1878 mul·

55 1900 93 1926 ta
110 1889 227 1925 adhuc
245 1900 451 1937 congerere
465 1889 616 1935 possem,
644 1889 668 1926 fi
690 1901 783 1936 opus
803 1888 903 1926 esset.
957 1891 1045 1925 Non
1067 1887 1141 1924 fine
1160 1888 1303 1925 ratione
1324 1889 1436 1938 igitur
1451 1902 1574 1928 meam

55 1937 363 1974 emendationem
382 1938 427 1973 ad
445 1939 638 1975 veritatem
660 1937 830 1986 proxime
851 1939 1026 1974 accedere
1045 1939 1175 1979 credo,
1217 1938 1342 1974 donec
1368 1949 1432 1975 aut
1461 1939 1574 1977 aliam

55 1987 263 2024 faciliorem
281 1986 557 2034 certioremque
580 1987 807 2035 protulerint
827 1987 959 2024 eruditi
973 2012 983 2028 ,
1013 1997 1078 2023 aut
1099 1986 1221 2024 saltem
1245 1987 1351 2028 aliam
1375 1987 1463 2025 huic
1483 1990 1574 2028 loco

44 2035 352 2077 *convenientem
371 2040 518 2082 ἂςιςείου
535 2035 840 2085 significationem
859 2035 1100 2073 ostenderint.
1124 2034 1249 2073 Gedik.
1586 2074 1587 2077 ,

155 2087 197 2121 ln
218 2098 258 2122 re
276 2084 416 2122 incerta
434 2085 530 2121 nihil
551 2086 725 2134 equidem
750 2085 870 2128 facio,
898 2098 1032 2133 quam,
1058 2096 1126 2127 ut,
1158 2085 1282 2122 relista
1303 2098 1406 2123 nunc
1424 2089 1577 2136 vulgata,

55 2133 237 2176 lectione,
268 2148 287 2170 a
305 2146 377 2181 qua
397 2135 468 2171 Ms.
486 2135 548 2171 illa
568 2136 680 2171 modo
703 2135 841 2173 diversa
860 2135 910 2172 est
931 2148 996 2184 per
1018 2134 1160 2171 litteras
1179 2147 1219 2172 et
1241 2136 1433 2173 solennem
1459 2139 1575 2176 varie-

55 2194 194 2224 tatem,
231 2184 441 2231 expestem,
476 2184 568 2233 quid
585 2186 665 2222 aliis
687 2185 858 2221 videatur
877 2186 924 2221 de
949 2182 1167 2231 propositis,
1207 2184 1284 2232 ipse
1307 2187 1464 2234 quidem
1491 2199 1575 2230 non

56 2231 241 2270 inclinans
262 2233 308 2270 ad
327 2235 390 2270 Sb.
411 2241 604 2277 τροάςεισν,
631 2247 709 2272 tum
730 2236 832 2282 quod
854 2247 872 2270 a
895 2235 1029 2271 litteris
1050 2235 1219 2282 vulgatae
1238 2234 1410 2271 lectionis
1437 2236 1573 2272 abhor-

57 2294 135 2323 ret,
163 2294 242 2320 tum
260 2282 346 2331 quia
363 2295 418 2330 ap.
432 2284 805 2330 Nostrumfdeinceps
824 2297 901 2320 non
922 2283 962 2319 fit
988 2282 1130 2319 mentio
1153 2283 1364 2331 sepulturae
1385 2284 1423 2321 in
1442 2285 1574 2323 subur-

58 2333 178 2374 bano,
211 2336 283 2369 nec
307 2332 466 2370 multum
488 2333 657 2371 tribuens
679 2333 902 2375 Reiskianm
936 2332 1037 2380 quod
1061 2345 1130 2368 nec
1157 2332 1249 2369 novi
1280 2333 1573 2380 pronunciatum

58 2381 108 2417 ita
123 2406 133 2422 ,
162 2379 223 2416 sed
241 2381 413 2424 aliunde,
446 2381 495 2419 cf.
516 2381 629 2430 Xiph.
649 2394 733 2426 ης,
754 2391 810 2429 38.
831 2395 914 2420 cum
936 2382 1014 2417 lnd.
1034 2382 1096 2419 Sb.
1117 2383 1196 2419 Lat.
1217 2395 1251 2417 v.
1268 2383 1447 2431 augustale
1466 2394 1506 2420 et
1524 2385 1574 2423 ad

57 2430 175 2468 Dion.
197 2430 272 2467 Cas.
294 2443 330 2478 p.
344 2435 425 2468 606.
439 2456 449 2472 ,
476 2444 588 2479 porro
603 2431 824 2473 existimant,
853 2431 1126 2469 Leisnerianum
1146 2431 1216 2468 effe
1236 2430 1434 2474 difficilius,
1459 2446 1574 2481 quam

59 2491 103 2516 ut
122 2476 253 2516 Noster
272 2479 319 2517 sic
336 2479 551 2529 simpliciter
569 2492 610 2518 et
634 2480 711 2520 sine
739 2480 990 2528 explicatione
1015 2479 1204 2527 posuerit,
1237 2479 1329 2516 licut
1357 2493 1396 2518 et
1413 2482 1574 2522 Gedikii

58 2528 153 2566 illud
176 2529 325 2566 videtur
345 2530 457 2567 nimis
477 2543 610 2578 vagum
628 2543 699 2568 nec
714 2529 798 2569 satis
820 2529 1018 2567 definitum
1031 2553 1042 2571 ‚
1075 2540 1114 2566 et
1133 2529 1332 2575 Ἀδριανεῖαν
1345 2554 1356 2571 ,
1391 2543 1467 2577 quo
1485 2532 1574 2581 quis

58 2579 190 2616 tendat
217 2592 238 2615 e
259 2579 464 2628 Lamprid.,
505 2581 641 2617 iterum
675 2593 693 2616 a
721 2580 879 2627 vulgatis
911 2578 1045 2616 litteris
1076 2579 1197 2620 abire;
1237 2579 1372 2625 quibus
1397 2583 1572 2628 propiora

45 2627 250 2679 *quondam
275 2628 452 2666 habebam
468 2633 634 2674 μνημεῖον,
659 2631 704 2666 de
717 2628 922 2665 maiusculis
933 2629 1086 2675 quidem
1101 2629 1314 2669 elementis,
1343 2639 1405 2665 aut
1418 2634 1573 2681 ἀρχεῖον.

59 2675 85 2712 i.
106 2678 284 2726 palatium
298 2704 308 2720 ‚
335 2681 431 2726 (quo
450 2678 589 2715 interea
611 2679 739 2716 dustus
759 2677 801 2714 fit
821 2678 1074 2719 Commodus,
1108 2687 1208 2713 extra
1231 2676 1267 2714 id
1285 2688 1498 2724 peremtus,
1521 2679 1573 2722 εἰς

59 2726 93 2775 §.
111 2739 164 2768 2.,
202 2727 325 2765 donec
358 2727 397 2763 in
425 2727 632 2775 sepulcrum
660 2728 809 2764 solitum
840 2725 1018 2771 veniret,)
1048 2738 1156 2774 quam
1180 2726 1348 2765 vocabuli
1370 2728 1573 2771 notionem

58 2787 136 2818 non
156 2777 308 2826 repetiit
323 2778 364 2814 L.
385 2778 474 2820 Ετη.Δ
490 2790 512 2820 e
529 2779 610 2833 Stp.
627 2779 702 2817 Th.
715 2801 730 2824 2
760 2776 823 2815 ubi
844 2788 970 2819 tamen
988 2776 1037 2817 est
1055 2776 1169 2815 modo
1189 2775 1228 2813 in
1247 2776 1340 2824 plur.
1360 2781 1408 2819 τὰ
1427 2781 1575 2831 ἂςρςεῖᾳ,
