1722 3086
128 81 228 132 186
272 81 445 128 LIBER
466 80 524 126 11.
566 82 783 128 CARVI.
820 84 875 130 A.
894 84 954 131 V.
978 83 1170 141 G.946.
1208 85 1573 149 CHR.N-.193;

116 198 283 254 τούτοις
313 194 668 252 &avecta-&iurat
702 199 737 246 oi
759 219 867 267 ςξοι-
912 223 992 268 15·
1030 223 1115 268 His
1148 223 1209 269 im
1246 222 1323 270 ulfi
1357 224 1518 277 milites
1596 233 1645 273 ek

116 277 289 336 τιῶταᾼ,
335 274 413 322 καὶ
436 272 626 331 ταύταις
652 273 865 344 οἰξθέντες
1210 241 1241 290 P
1531 261 1543 282 ²
1631 283 1634 286 ’

114 359 217 409 ταῖς
239 352 431 413 ἐλπίσιν,
474 350 794 421 αὐτοκξαὶτοξοί
814 372 862 401 τε
900 341 974 390 ista
1007 342 1083 409 sPe
1115 341 1275 402 efestli
1327 348 1646 412 imperatorem

113 495 154 533 P.
169 519 180 537 2
215 495 280 542 qui
302 494 363 532 hic
380 494 478 532 haud
497 494 611 534 dubie
629 494 748 543 lapsus
769 493 842 538 est,
866 508 1081 545 quanquam
1104 499 1228 543 Leisn.
1250 497 1289 536 in
1311 499 1442 550 Progr.
1464 497 1643 541 haesitan-

115 557 178 591 te,
208 559 253 583 ut
273 557 312 581 et
331 547 415 582 Sch.
437 558 546 601 acute
569 545 681 582 semel
702 545 799 582 vidit
828 563 894 592 ³>!⁴·
917 549 1166 598 pecuniamse
1193 561 1408 587 curaturum
1435 547 1570 601 afferri
1596 559 1644 599 ωε

113 597 268 633 aedibus.
318 597 396 631 Pol.
417 608 544 632 minus
568 595 698 633 recrea
726 607 892 644 quocum
915 600 973 646 Bg.
998 598 1098 640 fere,
1126 599 1286 636 severior
1307 599 1346 636 in
1360 599 1441 636 adv.
1456 597 1643 647 temporis

113 659 286 702 repento,
322 646 382 682 sed
400 645 479 694 syn.
506 645 610 682 nudo
629 646 700 682 abl.
730 646 887 682 alterum
908 647 982 683 loci
1010 650 1194 689 reddens,
1227 649 1290 685 ubi
1313 649 1396 685 Sch.
1423 663 1474 690 „e
1492 649 1642 684 domo‘G

114 696 269 733 aliunde
285 697 363 742 Stp.
388 695 462 732 Th.
489 706 638 734 tantum
659 708 745 732 cum
765 697 830 744 Eg.
848 695 1029 739 faciente,
1062 699 1111 735 cf.
1128 698 1214 736 Hes.
1230 724 1241 738 .
1277 699 1402 736 subito
1424 699 1642 735 transeunte

112 747 251 785 Nostro
271 758 289 781 a
313 759 353 781 re
372 745 417 781 ad
440 745 529 801 pers.
550 744 626 781 fine
647 758 757 792 pron.
775 750 877 784 αὐτὸν
898 746 924 782 s.
947 746 1082 788 ἑαυτὸν,
1110 749 1212 796 quod
1232 748 1390 795 proinde
1402 750 1485 787 Sch.
1506 745 1641 785 reama

111 799 261 844 explet,
298 809 383 833 cum
405 797 530 832 Leisn.
551 796 596 830 ad
618 808 665 831 m.
690 797 765 832 Ox.
801 797 1000 845 „domose
1021 809 1236 834 curaturum
1264 797 1442 844 adferriet
1469 808 1512 835 ut
1532 794 1642 834 simul

113 846 343 902 agnoscatur,
369 858 447 890 ν.μ.
461 857 541 886 non
559 844 770 891 hicponiin
786 844 870 893 pass.
887 872 898 887 ,
930 858 974 884 ut
986 859 1042 895 ap.
1054 842 1240 896 Hoogsin
1250 849 1299 885 N.
1322 846 1406 896 pt„v
1426 847 1490 885 sed
1503 847 1642 887 valere.

111 909 157 934 ut
172 898 274 934 alias,
289 909 356 944 pro
367 896 478 951 med..
498 896 598 944 quod
614 895 695 950 3⁶¹¹:
709 907 863 943 quoque
872 909 956 933 cum
966 898 1031 946 Bg.
1045 897 1269 934 circuitione
1278 898 1469 946 eloquitur
1480 908 1546 945 per
1557 897 1641 934 Lat.

111 960 242 983 curare
260 958 348 982 cum
372 947 446 982 alio
467 958 501 981 V.
528 945 635 993 pals„
670 946 730 981 led
753 956 966 993 praeterea,
995 947 1123 984 addito
1151 947 1279 989 subst„
1315 947 1442 985 innuit
1470 944 1641 983 omissum

112 1010 222 1045 pron.
242 999 356 1037 αὐτὰ,
385 993 490 1044 quod
511 996 613 1032 etab
631 996 760 1042 Hoog.
780 995 1017 1042 exprimitur,
1043 997 1132 1034 dum
1144 997 1208 1033 hic
1218 997 1263 1033 ad
1276 996 1420 1037 sensum
1434 994 1547 1046 magis
1559 1006 1642 1042 per-

110 1047 282 1094 spicuum
304 1046 386 1082 adv.
409 1044 592 1091 temporis
614 1045 741 1081 reddit
762 1058 827 1092 per
845 1045 944 1093 syn„
981 1060 1047 1094 pro
1060 1047 1204 1097 statim.
1255 1049 1351 1084 Mox
1371 1048 1412 1085 in
1430 1064 1465 1088 τ.
1486 1051 1537 1085 ἂν.
1556 1043 1644 1092 sup,-

110 1097 349 1146 plementum
371 1097 408 1132 P.
430 1099 609 1140 τςάγμασι
632 1106 717 1130 cum
737 1096 822 1132 Sch.
843 1095 987 1142 spernit
1004 1109 1043 1133 et
1063 1100 1121 1146 ssg.
1135 1123 1146 1138 .,
1178 1097 1227 1136 cf.
1253 1110 1283 1139 r,
1306 1111 1361 1140 12,
1380 1110 1415 1143 9.

159 1163 263 1184 ταυτ.
285 1148 384 1192 ἆςθ.)
408 1147 463 1181 Ut
482 1144 605 1180 Latini
627 1145 666 1179 in
685 1145 786 1192 spem
806 1146 926 1181 ereezi.
982 1148 1215 1195 Frequenter
1233 1148 1390 1191 Graeci,
1420 1142 1640 1194 praesertim

109 1196 361 1237 recentiores,
396 1194 582 1232 eiusmodi
604 1194 786 1241 loquendi
811 1206 946 1243 genere
967 1206 1139 1233 utuntur.
1189 1197 1251 1234 Sic
1267 1198 1389 1234 noster
1401 1209 1431 1233 c.
1446 1206 1478 1238 8.
1496 1199 1640 1236 τάκ-ειη

108 1245 242 1294 ςᾶμενης
255 1263 287 1284 τ.
303 1251 378 1284 iar.
400 1257 431 1283 c.
443 1257 477 1289 9.
499 1240 637 1287 ἀδήλοις
649 1249 998 1291 ἒπαιωρουμένουέλπ.
1018 1258 1049 1281 e.
1066 1257 1119 1292 13.
1140 1243 1227 1293 ᾔρθη
1239 1252 1285 1295 εἷς
1297 1245 1460 1294 μειζόνων
1477 1247 1642 1291 πραγμά-

109 1314 175 1334 των
194 1301 340 1350 ἐλπίδα,
377 1295 404 1332 l.
430 1304 460 1341 3.
482 1306 516 1329 c.
535 1306 591 1330 12.
617 1297 736 1341 ἂςθεὶς
765 1298 842 1335 ταῖς
868 1300 944 1333 {aaa
976 1306 1016 1332 et
1037 1297 1126 1333 Luc.
1145 1309 1227 1332 ene.
1246 1298 1359 1332 Dem.
1387 1292 1556 1342 fata-{meac
1582 1297 1639 1333 ἐπὶ

109 1354 238 1389 ταύτης
257 1351 293 1389 ἦν
312 1355 372 1388 τῆς
397 1347 550 1397 inustae,
585 1355 664 1391 quo
694 1343 736 1379 in
763 1345 850 1380 loco
869 1362 907 1390 μ.
935 1343 1036 1382 idem
1055 1345 1125 1388 est,
1159 1358 1201 1382 ac
1226 1348 1370 1394 ἀρθεὶς,
1407 1356 1448 1385 et
1467 1344 1543 1381 fine
1561 1342 1637 1386 alio

111 1397 226 1435 verbo
246 1394 342 1444 uqivai
364 1401 423 1441 μὲν
444 1398 481 1437 ἦν
505 1399 558 1432 ἐπὶ
577 1402 640 1436 τῆς
660 1398 798 1436 ἐλπίδος
814 1400 960 1438 ταύτης.
988 1396 1125 1433 Stroth.
1240 1393 1244 1395 “
1416 1392 1421 1396 ’

207 1448 291 1483 SCh.
311 1447 350 1482 ln
368 1450 444 1483 ἐλπ.
473 1443 688 1489 »αἴρεσθ’ωιῃ
711 1442 772 1492 spe
791 1455 922 1492 magna
940 1446 1048 1493 CVI-gi,
1069 1465 1107 1474 -
1127 1449 1209 1494 ἆςθ,
1226 1447 1266 1484 ὶη
1286 1445 1386 1495 spem
1407 1443 1548 1486 greai‘t
1564 1441 1639 1478 ep‘

109 1498 195 1541 hic,
228 1495 332 1533 unde
351 1495 391 1532 in
413 1507 465 1541 pr.
490 1492 646 1530 assumsit
666 1493 739 1529 adi.
762 1493 860 1541 syn..
895 1493 974 1533 dux
991 1497 1056 1544 Bg.
1084 1494 1125 1531 in
1151 1496 1313 1533 formula
1339 1493 1502 1533 severius
1517 1489 1640 1539 expri-

108 1547 246 1585 menda
267 1559 333 1593 per
353 1545 425 1590 abl.
438 1570 449 1584 ,
480 1555 678 1589 utramque
699 1544 747 1580 G.
759 1544 835 1578 Th.
846 1541 1023 1582 afferente
1042 1544 1082 1581 in
1101 1557 1136 1581 v.
1150 1556 1233 1591 399,
1246 1555 1304 1587 28.
1328 1557 1387 1594 30.
1401 1548 1529 1592 46.49.
1548 1551 1639 1577 cum

108 1597 191 1647 syn.
213 1609 253 1635 et
274 1597 384 1644 plena
412 1593 634 1635 „civitatem
652 1614 690 1620 —
710 1594 762 1629 ad
782 1592 940 1641 aliquan]
960 1593 1058 1641 spem
1077 1593 1262 1632 libertatis
1281 1617 1318 1624 —
1336 1595 1475 1636 erexit,
1490 1612 1530 1620 —
1559 1587 1640 1638 ani-J

110 1661 194 1685 mus
215 1668 254 1675 —
271 1646 408 1682 ereHus
428 1644 467 1680 in
480 1641 578 1693 spem
599 1642 867 1692 propinquam,
886 1663 926 1671 —
940 1643 1004 1693 spe
1022 1643 1158 1686 vestrae
1175 1646 1373 1693 aequitatis
1399 1643 1544 1692 erigere
1560 1638 1642 1681 anf?

109 1711 217 1739 mum,
229 1715 262 1725 -·
283 1694 431 1732 animus
450 1693 613 1740 erigitur
631 1693 890 1739 ex‘peaatione
907 1707 1027 1730 rerum
1044 1695 1244 1731 bonarum“
1268 1693 1344 1730 fine
1362 1693 1517 1741 explic-0
1544 1696 1641 1726 utet

109 1747 193 1786 lud.
216 1747 313 1783 Flor.
335 1758 374 1781 et
394 1743 473 1780 Liv.
493 1744 605 1785 Ern.,
631 1741 697 1780 ubi
717 1754 780 1784 et,
810 1744 952 1790 erigere
969 1743 1060 1781 sein
1076 1742 1189 1793 spem,
1216 1744 1282 1781 ast.
1297 1756 1382 1782 cum
1398 1753 1527 1791 pron,
1553 1738 1638 1787 syn·

108 1797 295 1835 formulae
323 1793 429 1842 pals..
465 1805 536 1841 qua
565 1792 741 1830 homines
770 1791 948 1829 dicuntur
977 1793 1092 1840 erigi,
1130 1806 1199 1841 pro
1227 1807 1356 1830 eorum
1379 1791 1528 1832 animo,
1572 1786 1641 1825 sed.

109 1849 261 1895 utrique
279 1845 447 1890 tropice,
482 1854 527 1880 ut
546 1841 590 1879 fit
605 1843 645 1879 in
664 1842 768 1890 spem
789 1842 885 1890 erigi
901 1843 926 1879 i.
942 1855 975 1890 q.
997 1845 1042 1880 ad
1064 1843 1165 1890 spem
1185 1843 1332 1884 adduci,
1362 1841 1430 1880 i.e.
1449 1839 1634 1886 accipere,

109 1899 294 1944 suscipere
314 1895 415 1943 spem
436 1894 578 1935 animo,
604 1902 740 1934 tenere,
765 1892 902 1929 habere
917 1892 1033 1942 spem,
1064 1903 1109 1928 ut
1129 1893 1203 1929 h.l.
1226 1889 1329 1942 istam
1340 1887 1636 1937 habentesspem,

110 1959 151 1986 et
172 1947 263 1988 ast„
298 1957 333 1980 v.
354 1956 383 1980 c.
405 1944 547 1992 erigere
565 1942 727 1990 aliquem
747 1942 926 1991 adfinem,
950 1943 1021 1990 i.q.
1045 1942 1084 1978 in
1106 1943 1185 1979 eius
1202 1943 1329 1989 animo
1350 1942 1452 1989 spem
1463 1939 1637 1979 excitare,

109 1995 205 2046 infir
225 1996 264 2033 in
283 1994 387 2043 spem
405 1994 549 2041 erigere
570 1993 594 2030 i.
609 2006 646 2041 q.
667 1992 707 2028 in
727 1992 856 2028 animo
878 1992 943 2028 suo
962 1991 1064 2040 spem
1085 1991 1267 2040 suscipere
1281 2018 1291 2034 ,
1320 2004 1431 2040 atque
1451 1990 1544 2026 adeo
1555 1985 1636 2032 spe.-⁴

109 2061 190 2086 rare
206 2071 217 2088 ,
251 2056 296 2082 ut
315 2044 387 2081 h.l.
410 2041 501 2095 sta,
533 2055 629 2091 quae
656 2042 828 2090 promissa
857 2054 982 2083 erant,
1003 2040 1213 2091 sperantes,
1246 2042 1305 2088 vel
1328 2044 1390 2089 ssg.
1410 2041 1434 2076 i.
1454 2052 1492 2088 q.
1521 2050 1539 2073 a
1558 2035 1635 2083 spe·

111 2094 266 2146 propter
287 2094 386 2142 spem
399 2117 410 2135 ‚
437 2090 591 2130 excitari
611 2091 726 2141 magis
743 2102 782 2128 et
801 2091 935 2131 adduci
958 2092 1002 2128 ad
1016 2091 1157 2138 aliquid
1177 2090 1404 2132 faciendum,
1422 2100 1461 2126 et
1481 2087 1639 2135 propter

109 2145 382 2196 cogitationem
402 2155 525 2180 rerum
547 2142 731 2178 bonarum
745 2153 783 2178 et
794 2141 1082 2178 commodorum
1102 2141 1269 2188 accipere
1280 2140 1456 2177 maiorem
1467 2135 1636 2177 animum

109 2210 150 2235 et
168 2195 405 2238 voluntatem
431 2191 758 2240 cupiditatemque
776 2190 932 2236 alicuius
967 2190 1020 2227 rei
1053 2189 1320 2237 perficiendae,
1351 2189 1443 2227 ficut
1463 2187 1548 2223 illae
1569 2187 1635 2224 CS-

109 2247 175 2284 rel.
201 2256 299 2283 extr.
328 2243 472 2292 erigere
497 2242 654 2278 animum
682 2241 746 2287 spe
772 2241 970 2289 aequitatis
997 2238 1101 2282 sunt,
1130 2252 1284 2287 propter
1310 2239 1410 2287 spem
1441 2237 1482 2274 in
1504 2237 1635 2274 animo

110 2296 191 2334 fieri
215 2295 388 2341 quietum
408 2303 448 2329 et
465 2291 645 2334 hilarem,
683 2290 710 2328 s.
730 2289 1053 2327 restituereanimi
1076 2289 1386 2337 tranquillitatem
1412 2299 1453 2325 et
1470 2285 1636 2322 hilarita-

111 2359 212 2387 tem,
251 2355 291 2381 et
318 2343 459 2381 animus
487 2342 650 2390 erigitur
678 2339 937 2387 expeaatione
954 2351 1075 2375 rerum
1100 2341 1270 2376 bonarum
1301 2339 1326 2375 i.
1348 2352 1384 2387 q.
1413 2337 1560 2373 animus
1589 2331 1635 2373 fin

111 2394 336 2442 tranquillus
357 2404 470 2440 atque
487 2391 612 2428 hilaris
627 2402 783 2439 propter
801 2389 1099 2438 expedhtionem
1119 2403 1242 2426 rerum
1256 2389 1456 2428 bonarum;
1486 2383 1636 2433 possunt

112 2459 186 2494 que
208 2445 292 2480 istae
309 2441 490 2480 formulae
511 2439 681 2476 illustrari
701 2439 814 2476 etiarn
835 2453 857 2476 e
875 2438 1095 2481 contrariis,
1129 2451 1216 2475 cum
1235 2440 1381 2483 animus
1409 2436 1548 2472 dicitur
1569 2435 1635 2472 de-

113 2495 250 2536 iestus,
281 2491 453 2529 demiffus
467 2515 478 2532 ,
507 2490 706 2538 prostratus
725 2487 796 2526 esse
817 2499 857 2526 et
875 2489 1016 2529 iacere,
1042 2489 1126 2525 h.e.
1147 2501 1234 2526 curn
1249 2500 1330 2525 non
1350 2486 1509 2525 sentitur
1528 2482 1635 2531 cupi-v
1699 2514 1706 2520 .

114 2544 234 2585 ditas,
268 2541 329 2578 sed
358 2552 397 2578 et
424 2539 529 2583 fimul
551 2539 694 2576 tristitia
716 2549 755 2576 et
776 2538 1023 2586 inquietudo,
1062 2538 1142 2585 post
1161 2550 1270 2586 quam
1296 2550 1316 2583 a
1333 2536 1398 2583 spe
1428 2535 1573 2575 animus
1597 2532 1636 2572 se

115 2595 253 2632 iterum
273 2592 379 2629 tollit
400 2602 439 2627 et
455 2588 567 2638 erigit
586 2600 624 2626 et
643 2587 782 2637 surgit,
817 2586 841 2625 i.
860 2602 894 2624 e.
918 2588 1039 2629 oritur
1058 2588 1098 2624 in
1115 2587 1226 2624 nobis
1245 2584 1517 2634 tranquillitas,
1543 2583 1636 2620 hila-

113 2644 203 2682 ritas
222 2653 261 2680 et
283 2641 421 2689 cupido
443 2639 579 2688 agendi
599 2639 741 2679 rursus;
773 2648 813 2677 et
831 2648 875 2674 ut
895 2637 999 2684 prior
1019 2636 1143 2673 Nostri
1163 2637 1326 2673 formula
1345 2651 1379 2671 τ.
1397 2633 1635 2679 ἄναες-,ροτείὶ

115 2692 305 2739 pertinere
329 2690 483 2726 maxime
504 2688 548 2725 acl
571 2699 739 2732 mentem
767 2699 878 2742 atqube
898 2686 1209 2735 intelligentiam,
1250 2698 1333 2723 curn
1363 2682 1538 2733 promissis
1560 2680 1638 2720 iilis

115 2742 226 2782 'fidem
248 2739 519 2779 adhibuerunt.
555 2749 674 2787 eaque
692 2750 761 2787 pro
783 2749 881 2774 veris
903 2747 1158 2786 agnoverunt:
1185 2736 1236 2772 ita
1256 2735 1437 2784 postrema
1454 2749 1488 2770 τ.
1510 2735 1639 2779 baur.
