<?xml version="1.0" encoding="UTF-8"?>
<!DOCTYPE html PUBLIC "-//W3C//DTD XHTML 1.0 Transitional//EN"
    "http://www.w3.org/TR/xhtml1/DTD/xhtml1-transitional.dtd">
<html xmlns="http://www.w3.org/1999/xhtml" xml:lang="en" lang="en">
 <head>
  <title>
</title>
<meta http-equiv="Content-Type" content="text/html;charset=utf-8" />
  <meta name='ocr-system' content='tesseract 3.04.00' />
  <meta name='ocr-capabilities' content='ocr_page ocr_carea ocr_par ocr_line ocrx_word'/>
</head>
<body>
  <div class='ocr_page' id='page_1' title='image "./historiarumlibri02hero/historiarumlibri02hero_0464.png"; bbox 0 0 1722 3086; ppageno 0'>
   <div class='ocr_carea' id='block_1_1' title="bbox 1661 0 1722 2998">
    <p class='ocr_par' dir='ltr' id='par_1_1' title="bbox 1661 0 1722 2998">
     <span class='ocr_line' id='line_1_1' title="bbox 1661 0 1722 317; baseline 0 0"><span class='ocrx_word' id='word_1_1' title='bbox 1661 0 1722 317; x_wconf 95' lang='lat' dir='ltr'>  </span> 
     </span>
     <span class='ocr_line' id='line_1_2' title="bbox 1670 317 1722 2998; baseline 0 -282"><span class='ocrx_word' id='word_1_2' title='bbox 1670 317 1722 2998; x_wconf 95' lang='lat' dir='ltr'>   </span> 
     </span>
    </p>
   </div>
   <div class='ocr_carea' id='block_1_2' title="bbox 112 59 1722 276">
    <p class='ocr_par' dir='ltr' id='par_1_2' title="bbox 112 59 1722 276">
     <span class='ocr_line' id='line_1_3' title="bbox 112 59 1669 146; baseline 0.001 -13"><span class='ocrx_word' id='word_1_3' title='bbox 112 88 220 140; x_wconf 79' lang='lat'>403</span> <span class='ocrx_word' id='word_1_4' title='bbox 263 84 437 130; x_wconf 78' lang='lat' dir='ltr'>LIBER</span> <span class='ocrx_word' id='word_1_5' title='bbox 449 83 504 128; x_wconf 90' lang='lat'>11.</span> <span class='ocrx_word' id='word_1_6' title='bbox 541 84 669 132; x_wconf 83' lang='lat' dir='ltr'>CAP.</span> <span class='ocrx_word' id='word_1_7' title='bbox 691 86 808 130; x_wconf 77' lang='lat' dir='ltr'>xm.</span> <span class='ocrx_word' id='word_1_8' title='bbox 840 87 895 132; x_wconf 90' lang='lat' dir='ltr'>A.</span> <span class='ocrx_word' id='word_1_9' title='bbox 918 87 975 131; x_wconf 88' lang='lat' dir='ltr'>v.</span> <span class='ocrx_word' id='word_1_10' title='bbox 996 87 1051 133; x_wconf 87' lang='lat' dir='ltr'>c.</span> <span class='ocrx_word' id='word_1_11' title='bbox 1081 85 1202 144; x_wconf 82' lang='lat'>946.</span> <span class='ocrx_word' id='word_1_12' title='bbox 1238 88 1380 136; x_wconf 83' lang='lat' dir='ltr'>CHR.</span> <span class='ocrx_word' id='word_1_13' title='bbox 1394 89 1462 136; x_wconf 90' lang='lat' dir='ltr'>N.</span> <span class='ocrx_word' id='word_1_14' title='bbox 1484 99 1503 132; x_wconf 89' lang='lat'>1</span> <span class='ocrx_word' id='word_1_15' title='bbox 1518 99 1605 146; x_wconf 76' lang='lat'>93.</span> <span class='ocrx_word' id='word_1_16' title='bbox 1667 59 1669 68; x_wconf 77' lang='lat'>&#39;</span> 
     </span>
     <span class='ocr_line' id='line_1_4' title="bbox 117 194 1722 276; baseline 0.006 -29"><span class='ocrx_word' id='word_1_17' title='bbox 117 199 355 263; x_wconf 58' lang='lat' dir='ltr'>„fixo-mix</span> <span class='ocrx_word' id='word_1_18' title='bbox 375 198 496 265; x_wconf 69' lang='grc' dir='ltr'><strong><em>ὑμεῖς</em></strong></span> <span class='ocrx_word' id='word_1_19' title='bbox 515 194 782 270; x_wconf 58' lang='grc' dir='ltr'><em>δοξυφοξεῖν,</em></span> <span class='ocrx_word' id='word_1_20' title='bbox 805 201 882 251; x_wconf 70' lang='grc' dir='ltr'>καὶ</span> <span class='ocrx_word' id='word_1_21' title='bbox 918 203 1097 273; x_wconf 75' lang='lat' dir='ltr'>amplius</span> <span class='ocrx_word' id='word_1_22' title='bbox 1115 205 1414 274; x_wconf 74' lang='lat' dir='ltr'>imperatorem</span> <span class='ocrx_word' id='word_1_23' title='bbox 1425 223 1501 257; x_wconf 84' lang='lat' dir='ltr'>vos</span> <span class='ocrx_word' id='word_1_24' title='bbox 1503 204 1649 276; x_wconf 71' lang='lat' dir='ltr'>stipa·</span> <span class='ocrx_word' id='word_1_25' title='bbox 1670 219 1671 222; x_wconf 76' lang='grc'>’</span> <span class='ocrx_word' id='word_1_26' title='bbox 1717 246 1722 252; x_wconf 88' lang='grc'><em>.</em></span> 
     </span>
    </p>
   </div>
   <div class='ocr_carea' id='block_1_3' title="bbox 109 350 1722 2798">
    <p class='ocr_par' dir='ltr' id='par_1_3' title="bbox 111 350 1722 1452">
     <span class='ocr_line' id='line_1_5' title="bbox 118 350 1699 403; baseline 0.004 -18"><span class='ocrx_word' id='word_1_27' title='bbox 118 363 214 397; x_wconf 76' lang='lat' dir='ltr'>quae</span> <span class='ocrx_word' id='word_1_28' title='bbox 233 350 444 389; x_wconf 74' lang='lat' dir='ltr'>differentia</span> <span class='ocrx_word' id='word_1_29' title='bbox 465 352 566 388; x_wconf 84' lang='lat' dir='ltr'>valet</span> <span class='ocrx_word' id='word_1_30' title='bbox 586 351 672 388; x_wconf 89' lang='lat' dir='ltr'>sane</span> <span class='ocrx_word' id='word_1_31' title='bbox 692 351 802 396; x_wconf 83' lang='lat' dir='ltr'>alibi,</span> <span class='ocrx_word' id='word_1_32' title='bbox 829 365 908 390; x_wconf 88' lang='lat' dir='ltr'>non</span> <span class='ocrx_word' id='word_1_33' title='bbox 930 353 1037 398; x_wconf 66' lang='lat' dir='ltr'>item,</span> <span class='ocrx_word' id='word_1_34' title='bbox 1065 366 1149 390; x_wconf 88' lang='lat' dir='ltr'>curn</span> <span class='ocrx_word' id='word_1_35' title='bbox 1169 365 1415 402; x_wconf 85' lang='lat' dir='ltr'>opponuntur</span> <span class='ocrx_word' id='word_1_36' title='bbox 1427 361 1502 403; x_wconf 65' lang='grc' dir='ltr'><em>ἱεραὶ</em></span> <span class='ocrx_word' id='word_1_37' title='bbox 1516 355 1649 397; x_wconf 57' lang='grc' dir='ltr'>ἰθεῖα,</span> <span class='ocrx_word' id='word_1_38' title='bbox 1697 358 1699 370; x_wconf 76' lang='lat'><em>³</em></span> 
     </span>
     <span class='ocr_line' id='line_1_6' title="bbox 115 401 1722 452; baseline 0.003 -14"><span class='ocrx_word' id='word_1_39' title='bbox 115 403 181 438; x_wconf 77' lang='lat' dir='ltr'>ubi</span> <span class='ocrx_word' id='word_1_40' title='bbox 207 401 244 439; x_wconf 73' lang='grc' dir='ltr'><strong><em>ἶ-ὀ-</em></strong></span> <span class='ocrx_word' id='word_1_41' title='bbox 279 404 327 438; x_wconf 82' lang='lat' dir='ltr'>est</span> <span class='ocrx_word' id='word_1_42' title='bbox 349 402 571 449; x_wconf 73' lang='lat' dir='ltr'>profanum.</span> <span class='ocrx_word' id='word_1_43' title='bbox 602 404 818 449; x_wconf 84' lang='lat' dir='ltr'>publicum,</span> <span class='ocrx_word' id='word_1_44' title='bbox 839 415 884 440; x_wconf 90' lang='lat' dir='ltr'>·et</span> <span class='ocrx_word' id='word_1_45' title='bbox 902 405 1004 452; x_wconf 87' lang='lat' dir='ltr'>quod</span> <span class='ocrx_word' id='word_1_46' title='bbox 1027 404 1169 452; x_wconf 86' lang='lat' dir='ltr'>populi,</span> <span class='ocrx_word' id='word_1_47' title='bbox 1200 417 1270 441; x_wconf 85' lang='lat' dir='ltr'>nec</span> <span class='ocrx_word' id='word_1_48' title='bbox 1288 406 1359 442; x_wconf 88' lang='lat' dir='ltr'>deo</span> <span class='ocrx_word' id='word_1_49' title='bbox 1377 404 1569 448; x_wconf 78' lang='lat' dir='ltr'>sacratum,</span> <span class='ocrx_word' id='word_1_50' title='bbox 1598 405 1646 443; x_wconf 87' lang='lat' dir='ltr'>cf.</span> <span class='ocrx_word' id='word_1_51' title='bbox 1698 406 1699 412; x_wconf 48' lang='lat'>¹</span> <span class='ocrx_word' id='word_1_52' title='bbox 1720 401 1722 403; x_wconf 37' lang='lat'>¹</span> 
     </span>
     <span class='ocr_line' id='line_1_7' title="bbox 113 453 1700 503; baseline 0.002 -16"><span class='ocrx_word' id='word_1_53' title='bbox 113 453 253 488; x_wconf 63' lang='lat' dir='ltr'>clar-..m</span> <span class='ocrx_word' id='word_1_54' title='bbox 285 454 321 488; x_wconf 86' lang='lat' dir='ltr'>in</span> <span class='ocrx_word' id='word_1_55' title='bbox 342 453 471 494; x_wconf 53' lang='lat' dir='ltr'>primis</span> <span class='ocrx_word' id='word_1_56' title='bbox 494 453 618 488; x_wconf 85' lang='lat' dir='ltr'>locum</span> <span class='ocrx_word' id='word_1_57' title='bbox 639 455 719 490; x_wconf 70' lang='lat' dir='ltr'>lnd.</span> <span class='ocrx_word' id='word_1_58' title='bbox 743 456 851 490; x_wconf 83' lang='lat' dir='ltr'>Dem.</span> <span class='ocrx_word' id='word_1_59' title='bbox 875 467 906 489; x_wconf 89' lang='lat' dir='ltr'>v.</span> <span class='ocrx_word' id='word_1_60' title='bbox 932 454 1057 496; x_wconf 54' lang='grc' dir='ltr'>ὄπα,</span> <span class='ocrx_word' id='word_1_61' title='bbox 1090 455 1196 491; x_wconf 90' lang='lat' dir='ltr'>cuius</span> <span class='ocrx_word' id='word_1_62' title='bbox 1216 456 1341 503; x_wconf 85' lang='lat' dir='ltr'>paucis</span> <span class='ocrx_word' id='word_1_63' title='bbox 1362 455 1445 492; x_wconf 85' lang='lat' dir='ltr'>add.</span> <span class='ocrx_word' id='word_1_64' title='bbox 1470 467 1553 500; x_wconf 81' lang='lat'>741,</span> <span class='ocrx_word' id='word_1_65' title='bbox 1576 468 1648 496; x_wconf 64' lang='lat'>12„</span> <span class='ocrx_word' id='word_1_66' title='bbox 1698 467 1700 476; x_wconf 92' lang='grc'><em>·</em></span> 
     </span>
     <span class='ocr_line' id='line_1_8' title="bbox 115 500 1646 550; baseline 0.001 -12"><span class='ocrx_word' id='word_1_67' title='bbox 115 514 157 538; x_wconf 85' lang='lat' dir='ltr'>et</span> <span class='ocrx_word' id='word_1_68' title='bbox 187 516 251 548; x_wconf 74' lang='lat' dir='ltr'>per</span> <span class='ocrx_word' id='word_1_69' title='bbox 284 503 407 539; x_wconf 71' lang='lat' dir='ltr'>Nostri</span> <span class='ocrx_word' id='word_1_70' title='bbox 439 503 612 550; x_wconf 77' lang='lat' dir='ltr'>copulata</span> <span class='ocrx_word' id='word_1_71' title='bbox 644 515 748 546; x_wconf 66' lang='lat'>1072,</span> <span class='ocrx_word' id='word_1_72' title='bbox 772 516 805 546; x_wconf 85' lang='lat'>7.</span> <span class='ocrx_word' id='word_1_73' title='bbox 841 504 920 542; x_wconf 65' lang='grc' dir='ltr'>ἀλλ’</span> <span class='ocrx_word' id='word_1_74' title='bbox 943 500 1023 542; x_wconf 60' lang='grc' dir='ltr'><em>οὔτε</em></span> <span class='ocrx_word' id='word_1_75' title='bbox 1048 510 1194 546; x_wconf 71' lang='grc' dir='ltr'>δίκαιον,</span> <span class='ocrx_word' id='word_1_76' title='bbox 1231 503 1306 543; x_wconf 63' lang='grc' dir='ltr'>οὔθ’</span> <span class='ocrx_word' id='word_1_77' title='bbox 1332 503 1418 544; x_wconf 69' lang='grc' dir='ltr'><strong><em>ὅσιον</em></strong></span> <span class='ocrx_word' id='word_1_78' title='bbox 1442 505 1536 542; x_wconf 77' lang='grc' dir='ltr'>τοῦτ’</span> <span class='ocrx_word' id='word_1_79' title='bbox 1565 502 1646 546; x_wconf 58' lang='lat' dir='ltr'>Zeu.</span> 
     </span>
     <span class='ocr_line' id='line_1_9' title="bbox 114 552 1650 603; baseline 0.001 -15"><span class='ocrx_word' id='word_1_80' title='bbox 114 552 159 588; x_wconf 88' lang='lat' dir='ltr'>it.</span> <span class='ocrx_word' id='word_1_81' title='bbox 186 564 263 599; x_wconf 78' lang='lat'>-32.</span> <span class='ocrx_word' id='word_1_82' title='bbox 288 563 359 590; x_wconf 78' lang='lat' dir='ltr'>uit.</span> <span class='ocrx_word' id='word_1_83' title='bbox 389 558 497 598; x_wconf 69' lang='lat'>1164,</span> <span class='ocrx_word' id='word_1_84' title='bbox 522 565 573 596; x_wconf 80' lang='lat'>19.</span> <span class='ocrx_word' id='word_1_85' title='bbox 592 580 601 594; x_wconf 85' lang='lat'>‚</span> <span class='ocrx_word' id='word_1_86' title='bbox 637 553 697 589; x_wconf 87' lang='lat' dir='ltr'>sed</span> <span class='ocrx_word' id='word_1_87' title='bbox 720 566 784 600; x_wconf 82' lang='lat' dir='ltr'>per</span> <span class='ocrx_word' id='word_1_88' title='bbox 803 554 871 589; x_wconf 82' lang='lat' dir='ltr'>alia</span> <span class='ocrx_word' id='word_1_89' title='bbox 892 566 950 598; x_wconf 84' lang='lat'>92.</span> <span class='ocrx_word' id='word_1_90' title='bbox 976 567 1006 592; x_wconf 90' lang='lat'>1.</span> <span class='ocrx_word' id='word_1_91' title='bbox 1038 559 1120 599; x_wconf 85' lang='lat'>160,</span> <span class='ocrx_word' id='word_1_92' title='bbox 1140 557 1206 591; x_wconf 87' lang='lat' dir='ltr'>ult.</span> <span class='ocrx_word' id='word_1_93' title='bbox 1236 564 1318 601; x_wconf 86' lang='lat'>330,</span> <span class='ocrx_word' id='word_1_94' title='bbox 1339 565 1372 596; x_wconf 82' lang='lat'>8.</span> <span class='ocrx_word' id='word_1_95' title='bbox 1399 561 1483 603; x_wconf 86' lang='lat'>363,</span> <span class='ocrx_word' id='word_1_96' title='bbox 1503 567 1537 602; x_wconf 87' lang='lat'>9.</span> <span class='ocrx_word' id='word_1_97' title='bbox 1567 561 1650 600; x_wconf 84' lang='lat'>562,</span> 
     </span>
     <span class='ocr_line' id='line_1_10' title="bbox 113 606 1650 652; baseline 0.003 -15"><span class='ocrx_word' id='word_1_98' title='bbox 113 614 175 638; x_wconf 61' lang='grc' dir='ltr'>ει&gt;</span> <span class='ocrx_word' id='word_1_99' title='bbox 208 608 292 648; x_wconf 64' lang='lat'>632,</span> <span class='ocrx_word' id='word_1_100' title='bbox 322 613 374 648; x_wconf 82' lang='lat'>13.</span> <span class='ocrx_word' id='word_1_101' title='bbox 406 606 491 644; x_wconf 73' lang='lat'>641,</span> <span class='ocrx_word' id='word_1_102' title='bbox 519 617 570 647; x_wconf 83' lang='lat'>¹4-</span> <span class='ocrx_word' id='word_1_103' title='bbox 601 613 754 648; x_wconf 83' lang='lat'>703‚12.</span> <span class='ocrx_word' id='word_1_104' title='bbox 788 615 871 651; x_wconf 81' lang='lat'>730,</span> <span class='ocrx_word' id='word_1_105' title='bbox 896 617 951 645; x_wconf 64' lang='grc' dir='ltr'>ες.</span> <span class='ocrx_word' id='word_1_106' title='bbox 983 615 1067 649; x_wconf 79' lang='lat'>732,</span> <span class='ocrx_word' id='word_1_107' title='bbox 1090 619 1122 649; x_wconf 85' lang='lat'>7.</span> <span class='ocrx_word' id='word_1_108' title='bbox 1151 615 1235 652; x_wconf 72' lang='lat'>734,</span> <span class='ocrx_word' id='word_1_109' title='bbox 1257 619 1291 651; x_wconf 81' lang='lat'>4.</span> <span class='ocrx_word' id='word_1_110' title='bbox 1307 617 1345 643; x_wconf 88' lang='lat' dir='ltr'>et</span> <span class='ocrx_word' id='word_1_111' title='bbox 1367 618 1420 649; x_wconf 86' lang='lat'>¹7·</span> <span class='ocrx_word' id='word_1_112' title='bbox 1450 614 1535 651; x_wconf 77' lang='lat'>738.</span> <span class='ocrx_word' id='word_1_113' title='bbox 1557 620 1590 650; x_wconf 86' lang='lat'>4.</span> <span class='ocrx_word' id='word_1_114' title='bbox 1610 615 1650 640; x_wconf 89' lang='lat' dir='ltr'>et</span> 
     </span>
     <span class='ocr_line' id='line_1_11' title="bbox 113 653 1648 703; baseline -0.001 -13"><span class='ocrx_word' id='word_1_115' title='bbox 113 664 150 695; x_wconf 88' lang='lat'>7·</span> <span class='ocrx_word' id='word_1_116' title='bbox 181 664 265 699; x_wconf 63' lang='lat'>743,</span> <span class='ocrx_word' id='word_1_117' title='bbox 295 666 348 688; x_wconf 83' lang='lat'>12.</span> <span class='ocrx_word' id='word_1_118' title='bbox 385 658 488 696; x_wconf 66' lang='lat'>1067,</span> <span class='ocrx_word' id='word_1_119' title='bbox 513 665 567 699; x_wconf 84' lang='lat'>14.</span> <span class='ocrx_word' id='word_1_120' title='bbox 600 662 706 698; x_wconf 82' lang='lat'>1380,</span> <span class='ocrx_word' id='word_1_121' title='bbox 730 657 787 689; x_wconf 85' lang='lat'>26.</span> <span class='ocrx_word' id='word_1_122' title='bbox 803 679 814 695; x_wconf 92' lang='lat'>‚</span> <span class='ocrx_word' id='word_1_123' title='bbox 845 655 903 691; x_wconf 85' lang='lat' dir='ltr'>sed</span> <span class='ocrx_word' id='word_1_124' title='bbox 922 655 984 691; x_wconf 86' lang='lat' dir='ltr'>ubi</span> <span class='ocrx_word' id='word_1_125' title='bbox 1004 653 1054 692; x_wconf 80' lang='grc' dir='ltr'>ὄσ.</span> <span class='ocrx_word' id='word_1_126' title='bbox 1079 655 1151 703; x_wconf 86' lang='lat' dir='ltr'>i.q.</span> <span class='ocrx_word' id='word_1_127' title='bbox 1177 659 1410 702; x_wconf 62' lang='lat' dir='ltr'>Em.644‚23.</span> <span class='ocrx_word' id='word_1_128' title='bbox 1432 655 1516 692; x_wconf 86' lang='lat' dir='ltr'>coll.</span> <span class='ocrx_word' id='word_1_129' title='bbox 1529 668 1581 690; x_wconf 81' lang='lat' dir='ltr'>vs.</span> <span class='ocrx_word' id='word_1_130' title='bbox 1595 667 1648 700; x_wconf 79' lang='lat' dir='ltr'>pr.</span> 
     </span>
     <span class='ocr_line' id='line_1_12' title="bbox 115 703 1704 751; baseline 0.004 -14"><span class='ocrx_word' id='word_1_131' title='bbox 115 714 155 739; x_wconf 86' lang='lat' dir='ltr'>et</span> <span class='ocrx_word' id='word_1_132' title='bbox 182 711 236 737; x_wconf 51' lang='grc' dir='ltr'>ἢί..</span> <span class='ocrx_word' id='word_1_133' title='bbox 260 712 306 749; x_wconf 67' lang='grc' dir='ltr'>ες).</span> <span class='ocrx_word' id='word_1_134' title='bbox 339 705 378 739; x_wconf 82' lang='lat' dir='ltr'>ir.</span> <span class='ocrx_word' id='word_1_135' title='bbox 402 716 438 749; x_wconf 90' lang='lat' dir='ltr'>p.</span> <span class='ocrx_word' id='word_1_136' title='bbox 468 704 518 751; x_wconf 75' lang='lat' dir='ltr'>l&#39;q.</span> <span class='ocrx_word' id='word_1_137' title='bbox 539 704 559 738; x_wconf 81' lang='lat' dir='ltr'>i.</span> <span class='ocrx_word' id='word_1_138' title='bbox 582 716 620 740; x_wconf 79' lang='lat' dir='ltr'>et</span> <span class='ocrx_word' id='word_1_139' title='bbox 638 715 741 740; x_wconf 84' lang='lat' dir='ltr'>v.20.</span> <span class='ocrx_word' id='word_1_140' title='bbox 757 730 766 745; x_wconf 96' lang='lat'>,</span> <span class='ocrx_word' id='word_1_141' title='bbox 795 716 875 740; x_wconf 87' lang='lat' dir='ltr'>rum</span> <span class='ocrx_word' id='word_1_142' title='bbox 900 706 947 741; x_wconf 78' lang='lat' dir='ltr'>Rs</span> <span class='ocrx_word' id='word_1_143' title='bbox 974 707 1040 742; x_wconf 90' lang='lat' dir='ltr'>Or.</span> <span class='ocrx_word' id='word_1_144' title='bbox 1063 706 1108 741; x_wconf 79' lang='lat' dir='ltr'>V.</span> <span class='ocrx_word' id='word_1_145' title='bbox 1132 711 1165 740; x_wconf 87' lang='lat'>6.</span> <span class='ocrx_word' id='word_1_146' title='bbox 1181 717 1215 747; x_wconf 85' lang='lat'>7.</span> <span class='ocrx_word' id='word_1_147' title='bbox 1238 705 1279 742; x_wconf 76' lang='grc' dir='ltr'>Π.</span> <span class='ocrx_word' id='word_1_148' title='bbox 1301 717 1339 743; x_wconf 87' lang='lat' dir='ltr'>et</span> <span class='ocrx_word' id='word_1_149' title='bbox 1359 709 1471 748; x_wconf 86' lang='lat' dir='ltr'>Ant.‚</span> <span class='ocrx_word' id='word_1_150' title='bbox 1494 703 1554 742; x_wconf 90' lang='lat' dir='ltr'>cui</span> <span class='ocrx_word' id='word_1_151' title='bbox 1566 705 1648 741; x_wconf 82' lang='lat' dir='ltr'>add.</span> <span class='ocrx_word' id='word_1_152' title='bbox 1700 718 1704 739; x_wconf 53' lang='grc' dir='ltr'>,ι</span> 
     </span>
     <span class='ocr_line' id='line_1_13' title="bbox 115 751 1649 801; baseline 0.003 -15"><span class='ocrx_word' id='word_1_153' title='bbox 115 754 198 791; x_wconf 75' lang='grc'>613.</span> <span class='ocrx_word' id='word_1_154' title='bbox 227 754 232 787; x_wconf 84' lang='lat' dir='ltr'>i</span> <span class='ocrx_word' id='word_1_155' title='bbox 273 758 476 799; x_wconf 63' lang='grc' dir='ltr'>δικαιότερον</span> <span class='ocrx_word' id='word_1_156' title='bbox 494 751 548 794; x_wconf 55' lang='grc' dir='ltr'>καὶ</span> <span class='ocrx_word' id='word_1_157' title='bbox 565 751 739 799; x_wconf 64' lang='lat' dir='ltr'>c‘orolrsng</span> <span class='ocrx_word' id='word_1_158' title='bbox 758 753 813 794; x_wconf 69' lang='grc' dir='ltr'>κοιῗ</span> <span class='ocrx_word' id='word_1_159' title='bbox 833 762 913 800; x_wconf 66' lang='grc' dir='ltr'>πρὸς</span> <span class='ocrx_word' id='word_1_160' title='bbox 931 753 1090 797; x_wconf 51' lang='grc' dir='ltr'>θεῶνᾱοι)</span> <span class='ocrx_word' id='word_1_161' title='bbox 1110 762 1191 801; x_wconf 64' lang='grc' dir='ltr'>πρὸς</span> <span class='ocrx_word' id='word_1_162' title='bbox 1208 751 1389 801; x_wconf 61' lang='grc' dir='ltr'>ἀνθρώπων</span> <span class='ocrx_word' id='word_1_163' title='bbox 1409 761 1542 800; x_wconf 72' lang='grc' dir='ltr'>’γένοιτο</span> <span class='ocrx_word' id='word_1_164' title='bbox 1559 753 1649 799; x_wconf 64' lang='lat' dir='ltr'>15va,</span> 
     </span>
     <span class='ocr_line' id='line_1_14' title="bbox 112 802 1650 852; baseline 0.001 -14"><span class='ocrx_word' id='word_1_165' title='bbox 112 803 178 838; x_wconf 71' lang='lat' dir='ltr'>ubi</span> <span class='ocrx_word' id='word_1_166' title='bbox 204 802 375 838; x_wconf 61' lang='lat' dir='ltr'>adiuncta</span> <span class='ocrx_word' id='word_1_167' title='bbox 394 802 594 850; x_wconf 76' lang='lat' dir='ltr'>explicatio</span> <span class='ocrx_word' id='word_1_168' title='bbox 615 806 728 840; x_wconf 83' lang='lat' dir='ltr'>alium</span> <span class='ocrx_word' id='word_1_169' title='bbox 752 815 899 840; x_wconf 84' lang='lat' dir='ltr'>tantum</span> <span class='ocrx_word' id='word_1_170' title='bbox 921 804 1093 841; x_wconf 81' lang='lat' dir='ltr'>ordinem</span> <span class='ocrx_word' id='word_1_171' title='bbox 1117 817 1245 844; x_wconf 81' lang='lat' dir='ltr'>tenet,</span> <span class='ocrx_word' id='word_1_172' title='bbox 1271 817 1384 852; x_wconf 87' lang='lat' dir='ltr'>quam</span> <span class='ocrx_word' id='word_1_173' title='bbox 1401 818 1458 852; x_wconf 81' lang='lat' dir='ltr'>ap.</span> <span class='ocrx_word' id='word_1_174' title='bbox 1473 805 1565 840; x_wconf 81' lang='lat' dir='ltr'>Piut.</span> <span class='ocrx_word' id='word_1_175' title='bbox 1587 816 1650 839; x_wconf 86' lang='lat' dir='ltr'>an·</span> 
     </span>
     <span class='ocr_line' id='line_1_15' title="bbox 112 853 1722 897; baseline 0.002 -10"><span class='ocrx_word' id='word_1_176' title='bbox 112 862 173 892; x_wconf 83' lang='lat' dir='ltr'>te,</span> <span class='ocrx_word' id='word_1_177' title='bbox 208 854 249 888; x_wconf 89' lang='lat' dir='ltr'>V.</span> <span class='ocrx_word' id='word_1_178' title='bbox 270 862 301 894; x_wconf 85' lang='lat'>8.</span> <span class='ocrx_word' id='word_1_179' title='bbox 324 854 420 889; x_wconf 73' lang='lat' dir='ltr'>And.</span> <span class='ocrx_word' id='word_1_180' title='bbox 435 877 446 894; x_wconf 88' lang='lat'><em>,</em></span> <span class='ocrx_word' id='word_1_181' title='bbox 482 855 561 889; x_wconf 74' lang='lat' dir='ltr'>Ael.</span> <span class='ocrx_word' id='word_1_182' title='bbox 585 856 627 891; x_wconf 90' lang='lat' dir='ltr'>V.</span> <span class='ocrx_word' id='word_1_183' title='bbox 646 853 683 892; x_wconf 82' lang='lat' dir='ltr'>h.</span> <span class='ocrx_word' id='word_1_184' title='bbox 705 867 788 890; x_wconf 86' lang='lat' dir='ltr'>cum</span> <span class='ocrx_word' id='word_1_185' title='bbox 810 855 878 896; x_wconf 90' lang='lat' dir='ltr'>N.,</span> <span class='ocrx_word' id='word_1_186' title='bbox 916 853 957 890; x_wconf 87' lang='lat' dir='ltr'>it.</span> <span class='ocrx_word' id='word_1_187' title='bbox 982 856 1080 891; x_wconf 89' lang='lat' dir='ltr'>Xen.</span> <span class='ocrx_word' id='word_1_188' title='bbox 1101 856 1144 892; x_wconf 93' lang='lat' dir='ltr'>Z.</span> <span class='ocrx_word' id='word_1_189' title='bbox 1164 868 1251 891; x_wconf 87' lang='lat' dir='ltr'>cum</span> <span class='ocrx_word' id='word_1_190' title='bbox 1273 856 1344 897; x_wconf 91' lang='lat' dir='ltr'>N.,</span> <span class='ocrx_word' id='word_1_191' title='bbox 1378 855 1418 891; x_wconf 84' lang='lat' dir='ltr'>it.</span> <span class='ocrx_word' id='word_1_192' title='bbox 1441 855 1496 890; x_wconf 79' lang='lat' dir='ltr'>Fi.</span> <span class='ocrx_word' id='word_1_193' title='bbox 1515 853 1649 891; x_wconf 74' lang='lat' dir='ltr'>Aesch.</span> <span class='ocrx_word' id='word_1_194' title='bbox 1716 860 1722 870; x_wconf 79' lang='lat'><strong>¹</strong></span> 
     </span>
     <span class='ocr_line' id='line_1_16' title="bbox 112 903 1648 953; baseline -0.001 -14"><span class='ocrx_word' id='word_1_195' title='bbox 112 915 199 939; x_wconf 85' lang='lat' dir='ltr'>cum</span> <span class='ocrx_word' id='word_1_196' title='bbox 224 903 270 939; x_wconf 88' lang='lat' dir='ltr'>N.</span> <span class='ocrx_word' id='word_1_197' title='bbox 292 904 334 937; x_wconf 83' lang='lat' dir='ltr'>ad</span> <span class='ocrx_word' id='word_1_198' title='bbox 358 905 443 939; x_wconf 80' lang='lat' dir='ltr'>Plat.</span> <span class='ocrx_word' id='word_1_199' title='bbox 468 904 602 939; x_wconf 84' lang='lat' dir='ltr'>Phaed.</span> <span class='ocrx_word' id='word_1_200' title='bbox 628 917 662 950; x_wconf 87' lang='lat' dir='ltr'>p.</span> <span class='ocrx_word' id='word_1_201' title='bbox 683 915 765 951; x_wconf 80' lang='lat'>293.</span> <span class='ocrx_word' id='word_1_202' title='bbox 793 905 836 940; x_wconf 80' lang='lat' dir='ltr'>L.</span> <span class='ocrx_word' id='word_1_203' title='bbox 861 905 909 940; x_wconf 90' lang='lat' dir='ltr'>N.</span> <span class='ocrx_word' id='word_1_204' title='bbox 931 907 979 941; x_wconf 91' lang='grc' dir='ltr'>Τ.</span> <span class='ocrx_word' id='word_1_205' title='bbox 1009 905 1128 941; x_wconf 88' lang='lat' dir='ltr'>Schw.</span> <span class='ocrx_word' id='word_1_206' title='bbox 1158 917 1244 942; x_wconf 87' lang='lat' dir='ltr'>cum</span> <span class='ocrx_word' id='word_1_207' title='bbox 1264 906 1304 941; x_wconf 87' lang='lat' dir='ltr'>L.</span> <span class='ocrx_word' id='word_1_208' title='bbox 1328 903 1409 953; x_wconf 74' lang='lat' dir='ltr'>Bos.</span> <span class='ocrx_word' id='word_1_209' title='bbox 1433 905 1479 940; x_wconf 89' lang='lat' dir='ltr'>ad</span> <span class='ocrx_word' id='word_1_210' title='bbox 1498 904 1591 952; x_wconf 75' lang='lat' dir='ltr'>Eph.</span> <span class='ocrx_word' id='word_1_211' title='bbox 1612 916 1648 948; x_wconf 74' lang='lat'>4,</span> 
     </span>
     <span class='ocr_line' id='line_1_17' title="bbox 112 952 1648 1002; baseline -0.001 -13"><span class='ocrx_word' id='word_1_212' title='bbox 112 966 174 997; x_wconf 76' lang='lat'>24.</span> <span class='ocrx_word' id='word_1_213' title='bbox 205 953 265 989; x_wconf 60' lang='lat' dir='ltr'>Rs:</span> <span class='ocrx_word' id='word_1_214' title='bbox 290 955 359 988; x_wconf 86' lang='lat' dir='ltr'>An.</span> <span class='ocrx_word' id='word_1_215' title='bbox 384 954 429 989; x_wconf 88' lang='lat' dir='ltr'>T.</span> <span class='ocrx_word' id='word_1_216' title='bbox 447 966 477 988; x_wconf 91' lang='lat'>1.</span> <span class='ocrx_word' id='word_1_217' title='bbox 499 953 544 989; x_wconf 90' lang='lat' dir='ltr'>ad</span> <span class='ocrx_word' id='word_1_218' title='bbox 568 954 686 990; x_wconf 83' lang='lat' dir='ltr'>Dion.</span> <span class='ocrx_word' id='word_1_219' title='bbox 706 956 748 991; x_wconf 92' lang='lat' dir='ltr'>C.</span> <span class='ocrx_word' id='word_1_220' title='bbox 775 968 810 1001; x_wconf 87' lang='lat' dir='ltr'>p.</span> <span class='ocrx_word' id='word_1_221' title='bbox 827 958 945 998; x_wconf 84' lang='lat' dir='ltr'>56.m.</span> <span class='ocrx_word' id='word_1_222' title='bbox 974 954 1092 991; x_wconf 80' lang='lat' dir='ltr'>Reim.</span> <span class='ocrx_word' id='word_1_223' title='bbox 1116 955 1233 994; x_wconf 87' lang='lat' dir='ltr'>Dion,</span> <span class='ocrx_word' id='word_1_224' title='bbox 1255 967 1289 1002; x_wconf 86' lang='lat' dir='ltr'>p.</span> <span class='ocrx_word' id='word_1_225' title='bbox 1314 964 1420 1002; x_wconf 78' lang='lat'>1083.</span> <span class='ocrx_word' id='word_1_226' title='bbox 1447 952 1546 991; x_wconf 84' lang='lat' dir='ltr'>Suic.</span> <span class='ocrx_word' id='word_1_227' title='bbox 1569 954 1648 989; x_wconf 79' lang='lat' dir='ltr'>Th.</span> 
     </span>
     <span class='ocr_line' id='line_1_18' title="bbox 111 1002 1646 1053; baseline -0.001 -13"><span class='ocrx_word' id='word_1_228' title='bbox 111 1003 198 1040; x_wconf 80' lang='lat' dir='ltr'>Hcs</span> <span class='ocrx_word' id='word_1_229' title='bbox 226 1002 329 1041; x_wconf 74' lang='grc' dir='ltr'><em>ἕσ.-</em></span> <span class='ocrx_word' id='word_1_230' title='bbox 351 1009 496 1045; x_wconf 74' lang='grc' dir='ltr'>ὄίκαισς,</span> <span class='ocrx_word' id='word_1_231' title='bbox 533 1006 694 1050; x_wconf 62' lang='grc' dir='ltr'>εὐσεβὴς,</span> <span class='ocrx_word' id='word_1_232' title='bbox 729 1005 831 1041; x_wconf 87' lang='lat' dir='ltr'>Suid.</span> <span class='ocrx_word' id='word_1_233' title='bbox 856 1017 940 1041; x_wconf 88' lang='lat' dir='ltr'>cum</span> <span class='ocrx_word' id='word_1_234' title='bbox 962 1006 1007 1042; x_wconf 93' lang='lat' dir='ltr'>N.</span> <span class='ocrx_word' id='word_1_235' title='bbox 1032 1008 1104 1046; x_wconf 85' lang='lat' dir='ltr'>N.,</span> <span class='ocrx_word' id='word_1_236' title='bbox 1139 1005 1198 1042; x_wconf 86' lang='lat' dir='ltr'>sed</span> <span class='ocrx_word' id='word_1_237' title='bbox 1217 1005 1356 1041; x_wconf 82' lang='lat' dir='ltr'>D’Orv.</span> <span class='ocrx_word' id='word_1_238' title='bbox 1378 1005 1448 1042; x_wconf 83' lang='lat' dir='ltr'>Ch.</span> <span class='ocrx_word' id='word_1_239' title='bbox 1472 1018 1507 1053; x_wconf 86' lang='lat' dir='ltr'>p.</span> <span class='ocrx_word' id='word_1_240' title='bbox 1527 1015 1605 1039; x_wconf 72' lang='grc' dir='ltr'>ιη.</span> <span class='ocrx_word' id='word_1_241' title='bbox 1626 1002 1646 1038; x_wconf 83' lang='grc' dir='ltr'>ἰ.</span> 
     </span>
     <span class='ocr_line' id='line_1_19' title="bbox 111 1051 1649 1102; baseline -0.001 -12"><span class='ocrx_word' id='word_1_242' title='bbox 111 1063 227 1099; x_wconf 66' lang='grc' dir='ltr'><em>»πρὸς</em></span> <span class='ocrx_word' id='word_1_243' title='bbox 249 1052 445 1099; x_wconf 67' lang='grc' dir='ltr'>ἀνθρώπους</span> <span class='ocrx_word' id='word_1_244' title='bbox 469 1057 581 1091; x_wconf 78' lang='grc' dir='ltr'><strong><em>δίκαια</em></strong></span> <span class='ocrx_word' id='word_1_245' title='bbox 601 1054 655 1095; x_wconf 63' lang='grc' dir='ltr'>καὶ</span> <span class='ocrx_word' id='word_1_246' title='bbox 680 1054 765 1100; x_wconf 73' lang='grc' dir='ltr'>πςές</span> <span class='ocrx_word' id='word_1_247' title='bbox 786 1053 885 1095; x_wconf 67' lang='grc' dir='ltr'>θεοὺς</span> <span class='ocrx_word' id='word_1_248' title='bbox 915 1051 1010 1102; x_wconf 69' lang='grc' dir='ltr'>ἔσκε)</span> <span class='ocrx_word' id='word_1_249' title='bbox 1037 1054 1090 1092; x_wconf 84' lang='lat' dir='ltr'>ita</span> <span class='ocrx_word' id='word_1_250' title='bbox 1108 1055 1255 1092; x_wconf 83' lang='lat' dir='ltr'>Latinis</span> <span class='ocrx_word' id='word_1_251' title='bbox 1285 1056 1340 1091; x_wconf 85' lang='lat' dir='ltr'>ius</span> <span class='ocrx_word' id='word_1_252' title='bbox 1370 1065 1410 1091; x_wconf 90' lang='lat' dir='ltr'>et</span> <span class='ocrx_word' id='word_1_253' title='bbox 1427 1053 1496 1101; x_wconf 77' lang='lat' dir='ltr'>fas</span> <span class='ocrx_word' id='word_1_254' title='bbox 1525 1051 1649 1090; x_wconf 86' lang='lat' dir='ltr'>distin-</span> 
     </span>
     <span class='ocr_line' id='line_1_20' title="bbox 114 1103 1648 1155; baseline -0.001 -16"><span class='ocrx_word' id='word_1_255' title='bbox 114 1111 312 1151; x_wconf 60' lang='lat' dir='ltr'>guuntur‘*</span> <span class='ocrx_word' id='word_1_256' title='bbox 344 1103 408 1151; x_wconf 85' lang='lat' dir='ltr'>qui</span> <span class='ocrx_word' id='word_1_257' title='bbox 432 1104 525 1140; x_wconf 81' lang='lat' dir='ltr'>adeo</span> <span class='ocrx_word' id='word_1_258' title='bbox 545 1103 716 1141; x_wconf 85' lang='lat' dir='ltr'>videatur</span> <span class='ocrx_word' id='word_1_259' title='bbox 746 1106 924 1141; x_wconf 83' lang='lat' dir='ltr'>accedere</span> <span class='ocrx_word' id='word_1_260' title='bbox 944 1105 990 1141; x_wconf 90' lang='lat' dir='ltr'>ad</span> <span class='ocrx_word' id='word_1_261' title='bbox 1009 1107 1089 1155; x_wconf 78' lang='lat' dir='ltr'>Bg..</span> <span class='ocrx_word' id='word_1_262' title='bbox 1122 1105 1173 1141; x_wconf 78' lang='lat' dir='ltr'>cf.</span> <span class='ocrx_word' id='word_1_263' title='bbox 1197 1106 1246 1142; x_wconf 89' lang='lat' dir='ltr'>G.</span> <span class='ocrx_word' id='word_1_264' title='bbox 1268 1107 1340 1142; x_wconf 80' lang='lat' dir='ltr'>Th.</span> <span class='ocrx_word' id='word_1_265' title='bbox 1360 1105 1401 1141; x_wconf 87' lang='lat' dir='ltr'>in</span> <span class='ocrx_word' id='word_1_266' title='bbox 1418 1105 1535 1151; x_wconf 85' lang='lat' dir='ltr'>v-.fa5</span> <span class='ocrx_word' id='word_1_267' title='bbox 1558 1104 1582 1139; x_wconf 83' lang='lat' dir='ltr'>i.</span> <span class='ocrx_word' id='word_1_268' title='bbox 1609 1112 1648 1138; x_wconf 89' lang='lat' dir='ltr'>et</span> 
     </span>
     <span class='ocr_line' id='line_1_21' title="bbox 111 1152 1722 1201; baseline -0.002 -11"><span class='ocrx_word' id='word_1_269' title='bbox 111 1154 232 1200; x_wconf 84' lang='lat' dir='ltr'>lnttp.</span> <span class='ocrx_word' id='word_1_270' title='bbox 256 1153 298 1188; x_wconf 86' lang='lat' dir='ltr'>ad</span> <span class='ocrx_word' id='word_1_271' title='bbox 322 1155 424 1201; x_wconf 84' lang='lat' dir='ltr'>Virg.</span> <span class='ocrx_word' id='word_1_272' title='bbox 449 1155 508 1190; x_wconf 86' lang='lat' dir='ltr'>Ge</span> <span class='ocrx_word' id='word_1_273' title='bbox 547 1167 578 1194; x_wconf 84' lang='lat'>1,</span> <span class='ocrx_word' id='word_1_274' title='bbox 602 1159 703 1198; x_wconf 86' lang='lat'>269.,</span> <span class='ocrx_word' id='word_1_275' title='bbox 753 1154 830 1201; x_wconf 79' lang='lat' dir='ltr'>ipso</span> <span class='ocrx_word' id='word_1_276' title='bbox 853 1156 1010 1198; x_wconf 88' lang='lat' dir='ltr'>Nostro,</span> <span class='ocrx_word' id='word_1_277' title='bbox 1043 1167 1087 1192; x_wconf 89' lang='lat' dir='ltr'>ut</span> <span class='ocrx_word' id='word_1_278' title='bbox 1107 1155 1281 1199; x_wconf 85' lang='lat' dir='ltr'>videtur,</span> <span class='ocrx_word' id='word_1_279' title='bbox 1318 1167 1405 1192; x_wconf 88' lang='lat' dir='ltr'>mox</span> <span class='ocrx_word' id='word_1_280' title='bbox 1427 1152 1652 1191; x_wconf 83' lang='lat' dir='ltr'>subiiciente</span> <span class='ocrx_word' id='word_1_281' title='bbox 1719 1171 1722 1186; x_wconf 76' lang='lat' dir='ltr'>l</span> 
     </span>
     <span class='ocr_line' id='line_1_22' title="bbox 113 1202 1650 1253; baseline -0.001 -13"><span class='ocrx_word' id='word_1_282' title='bbox 113 1202 288 1240; x_wconf 80' lang='lat' dir='ltr'>vocabuli</span> <span class='ocrx_word' id='word_1_283' title='bbox 307 1215 379 1240; x_wconf 83' lang='lat' dir='ltr'>utr.</span> <span class='ocrx_word' id='word_1_284' title='bbox 403 1203 696 1248; x_wconf 71' lang='lat' dir='ltr'>explicationem</span> <span class='ocrx_word' id='word_1_285' title='bbox 716 1205 902 1252; x_wconf 82' lang='lat' dir='ltr'>quandam</span> <span class='ocrx_word' id='word_1_286' title='bbox 926 1206 965 1241; x_wconf 88' lang='lat' dir='ltr'>in</span> <span class='ocrx_word' id='word_1_287' title='bbox 986 1205 1044 1243; x_wconf 74' lang='grc' dir='ltr'>τᾶν</span> <span class='ocrx_word' id='word_1_288' title='bbox 1065 1204 1136 1253; x_wconf 70' lang='grc' dir='ltr'>ὅςκ.</span> <span class='ocrx_word' id='word_1_289' title='bbox 1158 1210 1258 1252; x_wconf 61' lang='lat' dir='ltr'>boo-513·</span> <span class='ocrx_word' id='word_1_290' title='bbox 1278 1217 1334 1246; x_wconf 71' lang='grc' dir='ltr'>Α...</span> <span class='ocrx_word' id='word_1_291' title='bbox 1361 1217 1445 1241; x_wconf 88' lang='lat' dir='ltr'>cum</span> <span class='ocrx_word' id='word_1_292' title='bbox 1464 1204 1650 1240; x_wconf 79' lang='lat' dir='ltr'>iusiuran-</span> 
     </span>
     <span class='ocr_line' id='line_1_23' title="bbox 114 1253 1708 1304; baseline -0.001 -14"><span class='ocrx_word' id='word_1_293' title='bbox 114 1253 204 1290; x_wconf 87' lang='lat' dir='ltr'>dum</span> <span class='ocrx_word' id='word_1_294' title='bbox 229 1265 355 1292; x_wconf 85' lang='lat' dir='ltr'>teneat</span> <span class='ocrx_word' id='word_1_295' title='bbox 377 1265 531 1301; x_wconf 86' lang='lat' dir='ltr'>quoque</span> <span class='ocrx_word' id='word_1_296' title='bbox 549 1254 729 1300; x_wconf 83' lang='lat' dir='ltr'>pietatem</span> <span class='ocrx_word' id='word_1_297' title='bbox 747 1255 784 1290; x_wconf 88' lang='lat' dir='ltr'>in</span> <span class='ocrx_word' id='word_1_298' title='bbox 809 1258 942 1297; x_wconf 86' lang='lat' dir='ltr'>deum,</span> <span class='ocrx_word' id='word_1_299' title='bbox 978 1269 1053 1302; x_wconf 86' lang='lat' dir='ltr'>quo</span> <span class='ocrx_word' id='word_1_300' title='bbox 1079 1255 1279 1292; x_wconf 87' lang='lat' dir='ltr'>nominato</span> <span class='ocrx_word' id='word_1_301' title='bbox 1300 1255 1545 1304; x_wconf 79' lang='lat' dir='ltr'>cogitateque</span> <span class='ocrx_word' id='word_1_302' title='bbox 1565 1263 1649 1289; x_wconf 89' lang='lat' dir='ltr'>tum</span> <span class='ocrx_word' id='word_1_303' title='bbox 1706 1266 1708 1270; x_wconf 70' lang='grc'>’</span> 
     </span>
     <span class='ocr_line' id='line_1_24' title="bbox 113 1304 1709 1353; baseline -0.002 -14"><span class='ocrx_word' id='word_1_304' title='bbox 113 1316 173 1352; x_wconf 80' lang='lat' dir='ltr'>ap.</span> <span class='ocrx_word' id='word_1_305' title='bbox 193 1315 348 1341; x_wconf 80' lang='lat' dir='ltr'>omneS.</span> <span class='ocrx_word' id='word_1_306' title='bbox 383 1314 464 1339; x_wconf 84' lang='lat' dir='ltr'>tum</span> <span class='ocrx_word' id='word_1_307' title='bbox 486 1317 542 1346; x_wconf 77' lang='lat' dir='ltr'>ap.</span> <span class='ocrx_word' id='word_1_308' title='bbox 564 1305 703 1341; x_wconf 84' lang='lat' dir='ltr'>milites</span> <span class='ocrx_word' id='word_1_309' title='bbox 722 1305 858 1341; x_wconf 82' lang='lat' dir='ltr'>volunt</span> <span class='ocrx_word' id='word_1_310' title='bbox 875 1305 1038 1342; x_wconf 80' lang='lat' dir='ltr'>excitare</span> <span class='ocrx_word' id='word_1_311' title='bbox 1065 1304 1288 1353; x_wconf 76' lang='lat' dir='ltr'>religionem</span> <span class='ocrx_word' id='word_1_312' title='bbox 1309 1305 1389 1341; x_wconf 83' lang='lat' dir='ltr'>eius</span> <span class='ocrx_word' id='word_1_313' title='bbox 1416 1313 1457 1341; x_wconf 91' lang='lat' dir='ltr'>et</span> <span class='ocrx_word' id='word_1_314' title='bbox 1478 1304 1648 1340; x_wconf 82' lang='lat' dir='ltr'>observa·</span> <span class='ocrx_word' id='word_1_315' title='bbox 1708 1326 1709 1343; x_wconf 50' lang='lat'>1</span> 
     </span>
     <span class='ocr_line' id='line_1_25' title="bbox 112 1352 1646 1401; baseline -0.001 -12"><span class='ocrx_word' id='word_1_316' title='bbox 112 1355 257 1391; x_wconf 89' lang='lat' dir='ltr'>tionem</span> <span class='ocrx_word' id='word_1_317' title='bbox 288 1352 591 1400; x_wconf 60' lang='lat' dir='ltr'>diligentiorem,</span> <span class='ocrx_word' id='word_1_318' title='bbox 637 1353 686 1389; x_wconf 87' lang='lat' dir='ltr'>cf.</span> <span class='ocrx_word' id='word_1_319' title='bbox 714 1368 747 1395; x_wconf 67' lang='grc' dir='ltr'>ε,</span> <span class='ocrx_word' id='word_1_320' title='bbox 775 1366 828 1390; x_wconf 74' lang='grc' dir='ltr'>ιο,</span> <span class='ocrx_word' id='word_1_321' title='bbox 851 1364 908 1399; x_wconf 81' lang='lat'>3..</span> <span class='ocrx_word' id='word_1_322' title='bbox 940 1365 985 1391; x_wconf 86' lang='lat' dir='ltr'>ut</span> <span class='ocrx_word' id='word_1_323' title='bbox 1015 1354 1073 1390; x_wconf 85' lang='lat' dir='ltr'>illa</span> <span class='ocrx_word' id='word_1_324' title='bbox 1100 1358 1162 1390; x_wconf 90' lang='lat' dir='ltr'>rel.</span> <span class='ocrx_word' id='word_1_325' title='bbox 1191 1360 1272 1401; x_wconf 63' lang='grc' dir='ltr'>ἐμῷ.</span> <span class='ocrx_word' id='word_1_326' title='bbox 1293 1371 1333 1383; x_wconf 89' lang='lat'>·-·</span> <span class='ocrx_word' id='word_1_327' title='bbox 1360 1357 1456 1400; x_wconf 67' lang='grc' dir='ltr'><em>προδ.</em></span> <span class='ocrx_word' id='word_1_328' title='bbox 1487 1353 1646 1388; x_wconf 84' lang='lat' dir='ltr'>maxime</span> 
     </span>
     <span class='ocr_line' id='line_1_26' title="bbox 112 1402 1647 1452; baseline -0.001 -13"><span class='ocrx_word' id='word_1_329' title='bbox 112 1402 312 1452; x_wconf 82' lang='lat' dir='ltr'>pertinent</span> <span class='ocrx_word' id='word_1_330' title='bbox 330 1404 372 1438; x_wconf 84' lang='lat' dir='ltr'>ad</span> <span class='ocrx_word' id='word_1_331' title='bbox 397 1402 516 1439; x_wconf 76' lang='lat' dir='ltr'>officia</span> <span class='ocrx_word' id='word_1_332' title='bbox 532 1415 570 1439; x_wconf 86' lang='lat' dir='ltr'>et</span> <span class='ocrx_word' id='word_1_333' title='bbox 583 1403 710 1440; x_wconf 49' lang='lat' dir='ltr'>deliria</span> <span class='ocrx_word' id='word_1_334' title='bbox 731 1404 902 1440; x_wconf 78' lang='lat' dir='ltr'>adversus</span> <span class='ocrx_word' id='word_1_335' title='bbox 921 1404 1110 1446; x_wconf 80' lang='lat' dir='ltr'>homines,</span> <span class='ocrx_word' id='word_1_336' title='bbox 1136 1403 1201 1439; x_wconf 85' lang='lat' dir='ltr'>etli</span> <span class='ocrx_word' id='word_1_337' title='bbox 1224 1417 1288 1450; x_wconf 86' lang='lat' dir='ltr'>per</span> <span class='ocrx_word' id='word_1_338' title='bbox 1299 1404 1336 1441; x_wconf 84' lang='lat' dir='ltr'>se</span> <span class='ocrx_word' id='word_1_339' title='bbox 1350 1403 1452 1440; x_wconf 80' lang='lat' dir='ltr'>fimul</span> <span class='ocrx_word' id='word_1_340' title='bbox 1465 1403 1508 1438; x_wconf 86' lang='lat' dir='ltr'>ad</span> <span class='ocrx_word' id='word_1_341' title='bbox 1521 1403 1647 1438; x_wconf 87' lang='lat' dir='ltr'>deum.</span> 
     </span>
    </p>

    <p class='ocr_par' dir='ltr' id='par_1_4' title="bbox 109 1449 1722 2798">
     <span class='ocr_line' id='line_1_27' title="bbox 157 1449 1649 1500; baseline -0.001 -12"><span class='ocrx_word' id='word_1_342' title='bbox 157 1449 210 1491; x_wconf 75' lang='grc' dir='ltr'>ἔτι</span> <span class='ocrx_word' id='word_1_343' title='bbox 229 1457 279 1499; x_wconf 78' lang='grc' dir='ltr'>β.)</span> <span class='ocrx_word' id='word_1_344' title='bbox 311 1453 407 1489; x_wconf 87' lang='lat' dir='ltr'>Ven.</span> <span class='ocrx_word' id='word_1_345' title='bbox 432 1465 626 1499; x_wconf 82' lang='lat' dir='ltr'>perperam</span> <span class='ocrx_word' id='word_1_346' title='bbox 650 1457 771 1491; x_wconf 64' lang='grc' dir='ltr'>δίκαιον</span> <span class='ocrx_word' id='word_1_347' title='bbox 791 1450 840 1493; x_wconf 75' lang='grc' dir='ltr'>ἕςι</span> <span class='ocrx_word' id='word_1_348' title='bbox 861 1459 928 1500; x_wconf 66' lang='grc' dir='ltr'>δερ.</span> <span class='ocrx_word' id='word_1_349' title='bbox 948 1456 1083 1490; x_wconf 77' lang='lat' dir='ltr'>Stroth.</span> <span class='ocrx_word' id='word_1_350' title='bbox 1131 1453 1292 1490; x_wconf 87' lang='lat' dir='ltr'>Videtur</span> <span class='ocrx_word' id='word_1_351' title='bbox 1319 1453 1382 1490; x_wconf 87' lang='lat' dir='ltr'>hic</span> <span class='ocrx_word' id='word_1_352' title='bbox 1404 1453 1516 1488; x_wconf 89' lang='lat' dir='ltr'>modo</span> <span class='ocrx_word' id='word_1_353' title='bbox 1544 1464 1649 1488; x_wconf 87' lang='lat' dir='ltr'>error</span> 
     </span>
     <span class='ocr_line' id='line_1_28' title="bbox 113 1501 1650 1552; baseline -0.003 -12"><span class='ocrx_word' id='word_1_354' title='bbox 113 1503 156 1541; x_wconf 88' lang='lat' dir='ltr'>in</span> <span class='ocrx_word' id='word_1_355' title='bbox 175 1503 314 1540; x_wconf 82' lang='lat' dir='ltr'>litteris</span> <span class='ocrx_word' id='word_1_356' title='bbox 334 1520 353 1542; x_wconf 80' lang='grc' dir='ltr'>ς</span> <span class='ocrx_word' id='word_1_357' title='bbox 371 1516 409 1540; x_wconf 88' lang='lat' dir='ltr'>et</span> <span class='ocrx_word' id='word_1_358' title='bbox 431 1521 452 1539; x_wconf 79' lang='grc' dir='ltr'>τ</span> <span class='ocrx_word' id='word_1_359' title='bbox 470 1503 659 1544; x_wconf 71' lang='lat' dir='ltr'>accidisse,</span> <span class='ocrx_word' id='word_1_360' title='bbox 699 1503 747 1538; x_wconf 73' lang='lat' dir='ltr'>cf.</span> <span class='ocrx_word' id='word_1_361' title='bbox 771 1516 800 1544; x_wconf 83' lang='lat'>1,</span> <span class='ocrx_word' id='word_1_362' title='bbox 824 1517 857 1544; x_wconf 83' lang='lat'>2,</span> <span class='ocrx_word' id='word_1_363' title='bbox 886 1516 960 1546; x_wconf 73' lang='lat'>10.‚</span> <span class='ocrx_word' id='word_1_364' title='bbox 989 1517 1074 1541; x_wconf 89' lang='lat' dir='ltr'>cum</span> <span class='ocrx_word' id='word_1_365' title='bbox 1091 1504 1213 1552; x_wconf 86' lang='lat' dir='ltr'>primo</span> <span class='ocrx_word' id='word_1_366' title='bbox 1225 1504 1376 1540; x_wconf 66' lang='lat' dir='ltr'>wlubst.</span> <span class='ocrx_word' id='word_1_367' title='bbox 1397 1504 1505 1550; x_wconf 86' lang='lat' dir='ltr'>saepe</span> <span class='ocrx_word' id='word_1_368' title='bbox 1516 1501 1650 1538; x_wconf 80' lang='lat' dir='ltr'>Noster</span> 
     </span>
     <span class='ocr_line' id='line_1_29' title="bbox 113 1550 1650 1602; baseline -0.003 -12"><span class='ocrx_word' id='word_1_369' title='bbox 113 1554 329 1602; x_wconf 69' lang='lat' dir='ltr'>opprimar.</span> <span class='ocrx_word' id='word_1_370' title='bbox 367 1564 405 1588; x_wconf 89' lang='lat' dir='ltr'>et</span> <span class='ocrx_word' id='word_1_371' title='bbox 423 1553 483 1589; x_wconf 84' lang='lat' dir='ltr'>alii</span> <span class='ocrx_word' id='word_1_372' title='bbox 503 1554 686 1591; x_wconf 80' lang='lat' dir='ltr'>omittant</span> <span class='ocrx_word' id='word_1_373' title='bbox 707 1554 742 1589; x_wconf 88' lang='lat' dir='ltr'>id</span> <span class='ocrx_word' id='word_1_374' title='bbox 765 1553 990 1590; x_wconf 80' lang='lat' dir='ltr'>nominatim</span> <span class='ocrx_word' id='word_1_375' title='bbox 1013 1553 1092 1602; x_wconf 86' lang='lat' dir='ltr'>post</span> <span class='ocrx_word' id='word_1_376' title='bbox 1109 1553 1180 1589; x_wconf 83' lang='lat' dir='ltr'>adi.</span> <span class='ocrx_word' id='word_1_377' title='bbox 1200 1550 1302 1596; x_wconf 71' lang='grc' dir='ltr'><strong><em>ὅσιον,</em></strong></span> <span class='ocrx_word' id='word_1_378' title='bbox 1328 1564 1542 1601; x_wconf 81' lang='lat' dir='ltr'>quanquam</span> <span class='ocrx_word' id='word_1_379' title='bbox 1561 1563 1650 1587; x_wconf 88' lang='lat' dir='ltr'>cum</span> 
     </span>
     <span class='ocr_line' id='line_1_30' title="bbox 115 1601 1649 1651; baseline -0.003 -11"><span class='ocrx_word' id='word_1_380' title='bbox 115 1616 162 1640; x_wconf 88' lang='lat' dir='ltr'>eo</span> <span class='ocrx_word' id='word_1_381' title='bbox 178 1602 466 1644; x_wconf 78' lang='lat' dir='ltr'>etiamincedit‚</span> <span class='ocrx_word' id='word_1_382' title='bbox 496 1616 532 1638; x_wconf 87' lang='lat' dir='ltr'>v.</span> <span class='ocrx_word' id='word_1_383' title='bbox 555 1604 635 1639; x_wconf 87' lang='lat' dir='ltr'>loca</span> <span class='ocrx_word' id='word_1_384' title='bbox 655 1605 797 1640; x_wconf 85' lang='lat' dir='ltr'>eDem.</span> <span class='ocrx_word' id='word_1_385' title='bbox 823 1604 859 1639; x_wconf 86' lang='lat' dir='ltr'>in</span> <span class='ocrx_word' id='word_1_386' title='bbox 874 1603 922 1639; x_wconf 84' lang='lat' dir='ltr'>N.</span> <span class='ocrx_word' id='word_1_387' title='bbox 945 1616 997 1651; x_wconf 91' lang='lat' dir='ltr'>pr.</span> <span class='ocrx_word' id='word_1_388' title='bbox 1019 1616 1059 1640; x_wconf 88' lang='lat' dir='ltr'>et</span> <span class='ocrx_word' id='word_1_389' title='bbox 1070 1606 1148 1650; x_wconf 86' lang='lat' dir='ltr'>Stp.</span> <span class='ocrx_word' id='word_1_390' title='bbox 1172 1603 1268 1644; x_wconf 62' lang='lat' dir='ltr'>Th„</span> <span class='ocrx_word' id='word_1_391' title='bbox 1306 1601 1444 1638; x_wconf 86' lang='lat' dir='ltr'>deinde</span> <span class='ocrx_word' id='word_1_392' title='bbox 1460 1603 1549 1638; x_wconf 84' lang='lat' dir='ltr'>Mss.</span> <span class='ocrx_word' id='word_1_393' title='bbox 1584 1601 1649 1636; x_wconf 78' lang='lat' dir='ltr'>rel.</span> 
     </span>
     <span class='ocr_line' id='line_1_31' title="bbox 113 1648 1650 1702; baseline -0.004 -11"><span class='ocrx_word' id='word_1_394' title='bbox 113 1655 267 1691; x_wconf 75' lang='lat' dir='ltr'>servent</span> <span class='ocrx_word' id='word_1_395' title='bbox 285 1653 385 1702; x_wconf 74' lang='lat' dir='ltr'>vulg.</span> <span class='ocrx_word' id='word_1_396' title='bbox 406 1653 486 1689; x_wconf 88' lang='lat' dir='ltr'>adv.</span> <span class='ocrx_word' id='word_1_397' title='bbox 511 1652 668 1695; x_wconf 82' lang='lat' dir='ltr'>diserte,</span> <span class='ocrx_word' id='word_1_398' title='bbox 702 1665 744 1689; x_wconf 86' lang='lat' dir='ltr'>ut</span> <span class='ocrx_word' id='word_1_399' title='bbox 768 1655 804 1688; x_wconf 83' lang='grc' dir='ltr'>Ρ.</span> <span class='ocrx_word' id='word_1_400' title='bbox 829 1653 983 1700; x_wconf 78' lang='lat' dir='ltr'>oblique</span> <span class='ocrx_word' id='word_1_401' title='bbox 1004 1666 1069 1701; x_wconf 87' lang='lat' dir='ltr'>per</span> <span class='ocrx_word' id='word_1_402' title='bbox 1091 1654 1187 1693; x_wconf 82' lang='lat' dir='ltr'>iam,</span> <span class='ocrx_word' id='word_1_403' title='bbox 1211 1654 1316 1701; x_wconf 83' lang='lat' dir='ltr'>quod</span> <span class='ocrx_word' id='word_1_404' title='bbox 1340 1652 1425 1694; x_wconf 79' lang='lat' dir='ltr'>ille,</span> <span class='ocrx_word' id='word_1_405' title='bbox 1453 1663 1497 1687; x_wconf 91' lang='lat' dir='ltr'>ut</span> <span class='ocrx_word' id='word_1_406' title='bbox 1515 1648 1650 1688; x_wconf 83' lang='lat' dir='ltr'>Latine</span> 
     </span>
     <span class='ocr_line' id='line_1_32' title="bbox 114 1699 1650 1752; baseline -0.004 -11"><span class='ocrx_word' id='word_1_407' title='bbox 114 1703 367 1744; x_wconf 59' lang='lat' dir='ltr'>dothffiums,</span> <span class='ocrx_word' id='word_1_408' title='bbox 401 1701 545 1750; x_wconf 84' lang='lat' dir='ltr'>ceperit</span> <span class='ocrx_word' id='word_1_409' title='bbox 566 1715 646 1739; x_wconf 90' lang='lat' dir='ltr'>non</span> <span class='ocrx_word' id='word_1_410' title='bbox 664 1703 804 1752; x_wconf 80' lang='lat' dir='ltr'>vulgari</span> <span class='ocrx_word' id='word_1_411' title='bbox 829 1703 885 1744; x_wconf 84' lang='lat' dir='ltr'>vi,</span> <span class='ocrx_word' id='word_1_412' title='bbox 913 1716 985 1739; x_wconf 89' lang='lat' dir='ltr'>nec</span> <span class='ocrx_word' id='word_1_413' title='bbox 1003 1703 1049 1739; x_wconf 87' lang='lat' dir='ltr'>de</span> <span class='ocrx_word' id='word_1_414' title='bbox 1070 1715 1241 1750; x_wconf 85' lang='lat' dir='ltr'>tempore</span> <span class='ocrx_word' id='word_1_415' title='bbox 1265 1702 1372 1751; x_wconf 74' lang='lat' dir='ltr'>praes.</span> <span class='ocrx_word' id='word_1_416' title='bbox 1388 1728 1399 1744; x_wconf 84' lang='lat'>,</span> <span class='ocrx_word' id='word_1_417' title='bbox 1436 1701 1496 1738; x_wconf 83' lang='lat' dir='ltr'>sed</span> <span class='ocrx_word' id='word_1_418' title='bbox 1516 1702 1563 1736; x_wconf 86' lang='lat' dir='ltr'>de</span> <span class='ocrx_word' id='word_1_419' title='bbox 1582 1699 1650 1736; x_wconf 82' lang='lat' dir='ltr'>fu-</span> 
     </span>
     <span class='ocr_line' id='line_1_33' title="bbox 113 1749 1650 1802; baseline -0.002 -12"><span class='ocrx_word' id='word_1_420' title='bbox 113 1766 204 1790; x_wconf 86' lang='lat' dir='ltr'>turo</span> <span class='ocrx_word' id='word_1_421' title='bbox 235 1766 277 1788; x_wconf 82' lang='lat' dir='ltr'>ac</span> <span class='ocrx_word' id='word_1_422' title='bbox 299 1752 468 1800; x_wconf 87' lang='lat' dir='ltr'>postero,</span> <span class='ocrx_word' id='word_1_423' title='bbox 502 1763 617 1801; x_wconf 88' lang='lat' dir='ltr'>atque</span> <span class='ocrx_word' id='word_1_424' title='bbox 638 1754 733 1789; x_wconf 85' lang='lat' dir='ltr'>adeo</span> <span class='ocrx_word' id='word_1_425' title='bbox 761 1765 827 1799; x_wconf 83' lang='lat' dir='ltr'>pro</span> <span class='ocrx_word' id='word_1_426' title='bbox 849 1754 912 1801; x_wconf 70' lang='lat' dir='ltr'>ng.</span> <span class='ocrx_word' id='word_1_427' title='bbox 938 1753 1053 1802; x_wconf 80' lang='lat' dir='ltr'>magis</span> <span class='ocrx_word' id='word_1_428' title='bbox 1076 1751 1293 1800; x_wconf 77' lang='lat' dir='ltr'>perspicuo,</span> <span class='ocrx_word' id='word_1_429' title='bbox 1331 1764 1403 1801; x_wconf 86' lang='lat' dir='ltr'>qua</span> <span class='ocrx_word' id='word_1_430' title='bbox 1425 1751 1471 1788; x_wconf 88' lang='lat' dir='ltr'>de</span> <span class='ocrx_word' id='word_1_431' title='bbox 1488 1749 1650 1787; x_wconf 82' lang='lat' dir='ltr'>notione</span> 
     </span>
     <span class='ocr_line' id='line_1_34' title="bbox 112 1799 1650 1848; baseline -0.002 -10"><span class='ocrx_word' id='word_1_432' title='bbox 112 1805 195 1842; x_wconf 86' lang='lat' dir='ltr'>Lat.</span> <span class='ocrx_word' id='word_1_433' title='bbox 217 1803 318 1839; x_wconf 84' lang='lat' dir='ltr'>istius</span> <span class='ocrx_word' id='word_1_434' title='bbox 339 1817 374 1838; x_wconf 92' lang='lat' dir='ltr'>v.</span> <span class='ocrx_word' id='word_1_435' title='bbox 400 1804 446 1840; x_wconf 91' lang='lat' dir='ltr'>G.</span> <span class='ocrx_word' id='word_1_436' title='bbox 469 1804 545 1839; x_wconf 77' lang='lat' dir='ltr'>Th.</span> <span class='ocrx_word' id='word_1_437' title='bbox 569 1802 636 1841; x_wconf 85' lang='lat' dir='ltr'>v.i.</span> <span class='ocrx_word' id='word_1_438' title='bbox 660 1805 778 1848; x_wconf 82' lang='lat' dir='ltr'>l.95.‚</span> <span class='ocrx_word' id='word_1_439' title='bbox 805 1814 849 1839; x_wconf 88' lang='lat' dir='ltr'>ut</span> <span class='ocrx_word' id='word_1_440' title='bbox 873 1803 919 1838; x_wconf 90' lang='lat' dir='ltr'>de</span> <span class='ocrx_word' id='word_1_441' title='bbox 932 1804 997 1838; x_wconf 87' lang='lat' dir='ltr'>Gr.</span> <span class='ocrx_word' id='word_1_442' title='bbox 1017 1799 1068 1840; x_wconf 76' lang='grc' dir='ltr'>’ἔτι</span> <span class='ocrx_word' id='word_1_443' title='bbox 1087 1802 1256 1839; x_wconf 87' lang='lat' dir='ltr'>eiusdem</span> <span class='ocrx_word' id='word_1_444' title='bbox 1284 1802 1419 1844; x_wconf 81' lang='lat' dir='ltr'>sensus,</span> <span class='ocrx_word' id='word_1_445' title='bbox 1441 1801 1559 1838; x_wconf 83' lang='lat' dir='ltr'>ubiet</span> <span class='ocrx_word' id='word_1_446' title='bbox 1571 1806 1650 1836; x_wconf 71' lang='lat' dir='ltr'>ver—</span> 
     </span>
     <span class='ocr_line' id='line_1_35' title="bbox 112 1852 1649 1903; baseline -0.003 -12"><span class='ocrx_word' id='word_1_447' title='bbox 112 1854 207 1891; x_wconf 77' lang='lat' dir='ltr'>t&#39;rtur</span> <span class='ocrx_word' id='word_1_448' title='bbox 227 1853 362 1903; x_wconf 59' lang='lat' dir='ltr'>pellea,</span> <span class='ocrx_word' id='word_1_449' title='bbox 385 1855 467 1899; x_wconf 83' lang='lat' dir='ltr'>Stp.</span> <span class='ocrx_word' id='word_1_450' title='bbox 483 1853 557 1889; x_wconf 82' lang='lat' dir='ltr'>Th.</span> <span class='ocrx_word' id='word_1_451' title='bbox 584 1865 615 1895; x_wconf 74' lang='grc' dir='ltr'>ι,</span> <span class='ocrx_word' id='word_1_452' title='bbox 638 1865 740 1897; x_wconf 79' lang='lat'>1290.</span> <span class='ocrx_word' id='word_1_453' title='bbox 762 1854 803 1889; x_wconf 91' lang='lat' dir='ltr'>C.</span> <span class='ocrx_word' id='word_1_454' title='bbox 826 1852 873 1900; x_wconf 87' lang='lat' dir='ltr'>sq.</span> <span class='ocrx_word' id='word_1_455' title='bbox 903 1854 1044 1889; x_wconf 84' lang='lat' dir='ltr'>D’Orv.</span> <span class='ocrx_word' id='word_1_456' title='bbox 1065 1853 1130 1889; x_wconf 87' lang='lat' dir='ltr'>Ch.</span> <span class='ocrx_word' id='word_1_457' title='bbox 1151 1860 1257 1900; x_wconf 79' lang='lat' dir='ltr'>p.98.</span> <span class='ocrx_word' id='word_1_458' title='bbox 1278 1866 1311 1889; x_wconf 87' lang='lat' dir='ltr'>e.</span> <span class='ocrx_word' id='word_1_459' title='bbox 1337 1853 1382 1889; x_wconf 83' lang='lat' dir='ltr'>ad</span> <span class='ocrx_word' id='word_1_460' title='bbox 1405 1865 1440 1887; x_wconf 83' lang='grc' dir='ltr'>ν.</span> <span class='ocrx_word' id='word_1_461' title='bbox 1455 1863 1487 1896; x_wconf 87' lang='grc' dir='ltr'>ς.</span> <span class='ocrx_word' id='word_1_462' title='bbox 1509 1852 1649 1887; x_wconf 82' lang='lat' dir='ltr'>etAbr.</span> 
     </span>
     <span class='ocr_line' id='line_1_36' title="bbox 112 1899 1649 1951; baseline -0.003 -10"><span class='ocrx_word' id='word_1_463' title='bbox 112 1906 158 1942; x_wconf 82' lang='lat' dir='ltr'>ad</span> <span class='ocrx_word' id='word_1_464' title='bbox 181 1904 312 1941; x_wconf 78' lang='lat' dir='ltr'>Aesch.</span> <span class='ocrx_word' id='word_1_465' title='bbox 339 1916 370 1943; x_wconf 84' lang='lat'>1.</span> <span class='ocrx_word' id='word_1_466' title='bbox 397 1913 451 1949; x_wconf 80' lang='lat'>34.</span> <span class='ocrx_word' id='word_1_467' title='bbox 473 1903 520 1942; x_wconf 87' lang='lat' dir='ltr'>i..</span> <span class='ocrx_word' id='word_1_468' title='bbox 557 1909 633 1950; x_wconf 77' lang='lat' dir='ltr'>quo</span> <span class='ocrx_word' id='word_1_469' title='bbox 651 1904 697 1939; x_wconf 85' lang='lat' dir='ltr'>de</span> <span class='ocrx_word' id='word_1_470' title='bbox 719 1915 787 1950; x_wconf 89' lang='lat' dir='ltr'>pro</span> <span class='ocrx_word' id='word_1_471' title='bbox 811 1903 887 1938; x_wconf 86' lang='lat' dir='ltr'>Lat.</span> <span class='ocrx_word' id='word_1_472' title='bbox 909 1901 1036 1951; x_wconf 79' lang='lat' dir='ltr'>rursus</span> <span class='ocrx_word' id='word_1_473' title='bbox 1057 1901 1080 1938; x_wconf 94' lang='lat' dir='ltr'>s.</span> <span class='ocrx_word' id='word_1_474' title='bbox 1103 1904 1246 1944; x_wconf 84' lang='lat' dir='ltr'>iterum,</span> <span class='ocrx_word' id='word_1_475' title='bbox 1277 1914 1348 1938; x_wconf 88' lang='lat' dir='ltr'>nec</span> <span class='ocrx_word' id='word_1_476' title='bbox 1359 1902 1402 1937; x_wconf 86' lang='lat' dir='ltr'>ab</span> <span class='ocrx_word' id='word_1_477' title='bbox 1416 1901 1450 1936; x_wconf 92' lang='lat' dir='ltr'>h.</span> <span class='ocrx_word' id='word_1_478' title='bbox 1466 1903 1488 1937; x_wconf 93' lang='lat' dir='ltr'>l.</span> <span class='ocrx_word' id='word_1_479' title='bbox 1507 1899 1649 1941; x_wconf 75' lang='lat' dir='ltr'>alieno,</span> 
     </span>
     <span class='ocr_line' id='line_1_37' title="bbox 112 1949 1649 2000; baseline -0.004 -9"><span class='ocrx_word' id='word_1_480' title='bbox 112 1966 150 1991; x_wconf 85' lang='lat' dir='ltr'>v.</span> <span class='ocrx_word' id='word_1_481' title='bbox 171 1956 333 1990; x_wconf 88' lang='lat' dir='ltr'>eundem</span> <span class='ocrx_word' id='word_1_482' title='bbox 363 1953 402 1989; x_wconf 89' lang='lat' dir='ltr'>in</span> <span class='ocrx_word' id='word_1_483' title='bbox 428 1953 486 1988; x_wconf 65' lang='lat'>91.</span> <span class='ocrx_word' id='word_1_484' title='bbox 506 1953 580 1989; x_wconf 82' lang='lat' dir='ltr'>Th.</span> <span class='ocrx_word' id='word_1_485' title='bbox 601 1965 634 1999; x_wconf 85' lang='lat' dir='ltr'>p.</span> <span class='ocrx_word' id='word_1_486' title='bbox 652 1956 736 1995; x_wconf 78' lang='lat'>526.</span> <span class='ocrx_word' id='word_1_487' title='bbox 757 1966 825 1994; x_wconf 89' lang='lat' dir='ltr'>m.,</span> <span class='ocrx_word' id='word_1_488' title='bbox 859 1951 950 1989; x_wconf 78' lang='lat' dir='ltr'>sicut</span> <span class='ocrx_word' id='word_1_489' title='bbox 975 1952 1143 1999; x_wconf 86' lang='lat' dir='ltr'>denique</span> <span class='ocrx_word' id='word_1_490' title='bbox 1163 1953 1242 1989; x_wconf 83' lang='lat' dir='ltr'>adv.</span> <span class='ocrx_word' id='word_1_491' title='bbox 1266 1952 1360 1989; x_wconf 85' lang='lat' dir='ltr'>istud</span> <span class='ocrx_word' id='word_1_492' title='bbox 1381 1951 1497 2000; x_wconf 77' lang='lat' dir='ltr'>magis</span> <span class='ocrx_word' id='word_1_493' title='bbox 1516 1950 1576 1986; x_wconf 86' lang='lat' dir='ltr'>hic</span> <span class='ocrx_word' id='word_1_494' title='bbox 1596 1949 1649 1986; x_wconf 85' lang='lat' dir='ltr'>est</span> 
     </span>
     <span class='ocr_line' id='line_1_38' title="bbox 112 2000 1675 2051; baseline -0.003 -11"><span class='ocrx_word' id='word_1_495' title='bbox 112 2001 378 2043; x_wconf 79' lang='lat' dir='ltr'>neceffarium,</span> <span class='ocrx_word' id='word_1_496' title='bbox 406 2015 518 2049; x_wconf 71' lang='lat' dir='ltr'>quam</span> <span class='ocrx_word' id='word_1_497' title='bbox 540 2016 573 2038; x_wconf 88' lang='lat' dir='ltr'>v.</span> <span class='ocrx_word' id='word_1_498' title='bbox 598 2003 704 2039; x_wconf 84' lang='lat' dir='ltr'>subst.</span> <span class='ocrx_word' id='word_1_499' title='bbox 719 2029 729 2044; x_wconf 90' lang='lat'><strong>,</strong></span> <span class='ocrx_word' id='word_1_500' title='bbox 754 2014 796 2038; x_wconf 88' lang='lat' dir='ltr'>ut</span> <span class='ocrx_word' id='word_1_501' title='bbox 815 2013 1016 2039; x_wconf 83' lang='lat' dir='ltr'>contextus</span> <span class='ocrx_word' id='word_1_502' title='bbox 1042 2003 1158 2051; x_wconf 81' lang='lat' dir='ltr'>magis</span> <span class='ocrx_word' id='word_1_503' title='bbox 1178 2001 1390 2043; x_wconf 80' lang='lat' dir='ltr'>deliniatur,</span> <span class='ocrx_word' id='word_1_504' title='bbox 1415 2001 1503 2036; x_wconf 87' lang='lat' dir='ltr'>etin</span> <span class='ocrx_word' id='word_1_505' title='bbox 1520 2000 1557 2036; x_wconf 81' lang='lat' dir='ltr'>P.</span> <span class='ocrx_word' id='word_1_506' title='bbox 1568 2011 1675 2043; x_wconf 82' lang='lat' dir='ltr'>non,</span> 
     </span>
     <span class='ocr_line' id='line_1_39' title="bbox 115 2047 1672 2100; baseline -0.003 -10"><span class='ocrx_word' id='word_1_507' title='bbox 115 2064 311 2100; x_wconf 81' lang='lat' dir='ltr'>comparet</span> <span class='ocrx_word' id='word_1_508' title='bbox 329 2067 363 2090; x_wconf 84' lang='lat' dir='ltr'>V.</span> <span class='ocrx_word' id='word_1_509' title='bbox 386 2053 489 2089; x_wconf 83' lang='lat' dir='ltr'>subst.</span> <span class='ocrx_word' id='word_1_510' title='bbox 507 2077 518 2094; x_wconf 88' lang='lat'><em>,</em></span> <span class='ocrx_word' id='word_1_511' title='bbox 555 2065 574 2088; x_wconf 88' lang='lat' dir='ltr'>a</span> <span class='ocrx_word' id='word_1_512' title='bbox 594 2055 659 2100; x_wconf 75' lang='lat' dir='ltr'>Eg.</span> <span class='ocrx_word' id='word_1_513' title='bbox 683 2053 820 2090; x_wconf 87' lang='lat' dir='ltr'>iterum</span> <span class='ocrx_word' id='word_1_514' title='bbox 842 2053 957 2088; x_wconf 88' lang='lat' dir='ltr'>libere</span> <span class='ocrx_word' id='word_1_515' title='bbox 975 2052 1143 2089; x_wconf 86' lang='lat' dir='ltr'>additum</span> <span class='ocrx_word' id='word_1_516' title='bbox 1157 2078 1168 2094; x_wconf 90' lang='lat'><em>,</em></span> <span class='ocrx_word' id='word_1_517' title='bbox 1193 2050 1258 2100; x_wconf 86' lang='lat' dir='ltr'>qui</span> <span class='ocrx_word' id='word_1_518' title='bbox 1276 2053 1342 2087; x_wconf 85' lang='lat' dir='ltr'>illo</span> <span class='ocrx_word' id='word_1_519' title='bbox 1364 2051 1415 2087; x_wconf 86' lang='lat' dir='ltr'>est</span> <span class='ocrx_word' id='word_1_520' title='bbox 1433 2049 1649 2087; x_wconf 82' lang='lat' dir='ltr'>severiorin</span> <span class='ocrx_word' id='word_1_521' title='bbox 1669 2047 1672 2050; x_wconf 57' lang='grc'>’</span> 
     </span>
     <span class='ocr_line' id='line_1_40' title="bbox 112 2100 1649 2148; baseline -0.003 -7"><span class='ocrx_word' id='word_1_522' title='bbox 112 2103 203 2144; x_wconf 80' lang='lat' dir='ltr'>rel..</span> <span class='ocrx_word' id='word_1_523' title='bbox 232 2103 396 2138; x_wconf 85' lang='lat' dir='ltr'>variante</span> <span class='ocrx_word' id='word_1_524' title='bbox 420 2103 554 2139; x_wconf 77' lang='lat' dir='ltr'>Nostro</span> <span class='ocrx_word' id='word_1_525' title='bbox 576 2115 662 2138; x_wconf 93' lang='lat' dir='ltr'>cum</span> <span class='ocrx_word' id='word_1_526' title='bbox 685 2115 718 2144; x_wconf 83' lang='lat'>2,</span> <span class='ocrx_word' id='word_1_527' title='bbox 742 2114 776 2146; x_wconf 84' lang='lat'>5,</span> <span class='ocrx_word' id='word_1_528' title='bbox 802 2113 860 2137; x_wconf 82' lang='lat'>10.</span> <span class='ocrx_word' id='word_1_529' title='bbox 877 2114 908 2137; x_wconf 90' lang='lat' dir='ltr'>e.</span> <span class='ocrx_word' id='word_1_530' title='bbox 931 2113 971 2138; x_wconf 85' lang='lat' dir='ltr'>et</span> <span class='ocrx_word' id='word_1_531' title='bbox 994 2114 1028 2143; x_wconf 80' lang='lat'>2,</span> <span class='ocrx_word' id='word_1_532' title='bbox 1049 2115 1084 2147; x_wconf 76' lang='lat'>9,</span> <span class='ocrx_word' id='word_1_533' title='bbox 1112 2115 1165 2138; x_wconf 83' lang='grc' dir='ltr'>ιι.</span> <span class='ocrx_word' id='word_1_534' title='bbox 1190 2114 1253 2148; x_wconf 89' lang='lat' dir='ltr'>per</span> <span class='ocrx_word' id='word_1_535' title='bbox 1274 2101 1344 2139; x_wconf 89' lang='lat' dir='ltr'>adi.</span> <span class='ocrx_word' id='word_1_536' title='bbox 1365 2105 1447 2146; x_wconf 79' lang='grc' dir='ltr'><strong>ἒμφ.</strong></span> <span class='ocrx_word' id='word_1_537' title='bbox 1471 2100 1649 2136; x_wconf 81' lang='lat' dir='ltr'>ordinem</span> 
     </span>
     <span class='ocr_line' id='line_1_41' title="bbox 114 2151 1650 2202; baseline -0.003 -13"><span class='ocrx_word' id='word_1_538' title='bbox 114 2164 154 2190; x_wconf 88' lang='lat' dir='ltr'>et</span> <span class='ocrx_word' id='word_1_539' title='bbox 173 2159 206 2200; x_wconf 81' lang='grc' dir='ltr'>β.</span> <span class='ocrx_word' id='word_1_540' title='bbox 229 2154 305 2202; x_wconf 84' lang='lat' dir='ltr'>syn.</span> <span class='ocrx_word' id='word_1_541' title='bbox 326 2151 607 2199; x_wconf 82' lang='lat' dir='ltr'>sententiasque</span> <span class='ocrx_word' id='word_1_542' title='bbox 631 2153 808 2198; x_wconf 78' lang='lat' dir='ltr'>separatas</span> <span class='ocrx_word' id='word_1_543' title='bbox 830 2165 898 2199; x_wconf 90' lang='lat' dir='ltr'>pro</span> <span class='ocrx_word' id='word_1_544' title='bbox 915 2164 990 2188; x_wconf 89' lang='lat' dir='ltr'>una</span> <span class='ocrx_word' id='word_1_545' title='bbox 1012 2152 1301 2200; x_wconf 65' lang='lat' dir='ltr'>contraelaque,</span> <span class='ocrx_word' id='word_1_546' title='bbox 1328 2151 1369 2188; x_wconf 90' lang='lat' dir='ltr'>it.</span> <span class='ocrx_word' id='word_1_547' title='bbox 1389 2163 1475 2188; x_wconf 88' lang='lat' dir='ltr'>cum</span> <span class='ocrx_word' id='word_1_548' title='bbox 1496 2163 1529 2192; x_wconf 85' lang='lat'>2,</span> <span class='ocrx_word' id='word_1_549' title='bbox 1543 2155 1650 2190; x_wconf 80' lang='lat'>6,2=.</span> 
     </span>
     <span class='ocr_line' id='line_1_42' title="bbox 111 2201 1645 2250; baseline -0.003 -10"><span class='ocrx_word' id='word_1_550' title='bbox 111 2203 139 2240; x_wconf 86' lang='lat' dir='ltr'>i.</span> <span class='ocrx_word' id='word_1_551' title='bbox 163 2204 238 2239; x_wconf 86' lang='lat' dir='ltr'>alio</span> <span class='ocrx_word' id='word_1_552' title='bbox 261 2203 366 2240; x_wconf 76' lang='lat' dir='ltr'>subst.</span> <span class='ocrx_word' id='word_1_553' title='bbox 382 2203 457 2250; x_wconf 80' lang='lat' dir='ltr'>syn.</span> <span class='ocrx_word' id='word_1_554' title='bbox 479 2212 519 2237; x_wconf 91' lang='lat' dir='ltr'>et</span> <span class='ocrx_word' id='word_1_555' title='bbox 536 2202 608 2237; x_wconf 81' lang='lat' dir='ltr'>alio</span> <span class='ocrx_word' id='word_1_556' title='bbox 631 2201 765 2236; x_wconf 86' lang='lat' dir='ltr'>ordine</span> <span class='ocrx_word' id='word_1_557' title='bbox 785 2201 865 2238; x_wconf 86' lang='lat' dir='ltr'>eius</span> <span class='ocrx_word' id='word_1_558' title='bbox 885 2212 924 2237; x_wconf 87' lang='lat' dir='ltr'>et</span> <span class='ocrx_word' id='word_1_559' title='bbox 942 2201 1018 2237; x_wconf 85' lang='lat' dir='ltr'>fine</span> <span class='ocrx_word' id='word_1_560' title='bbox 1036 2202 1160 2244; x_wconf 61' lang='lat' dir='ltr'>arrio,</span> <span class='ocrx_word' id='word_1_561' title='bbox 1187 2201 1387 2238; x_wconf 85' lang='lat' dir='ltr'>formulam</span> <span class='ocrx_word' id='word_1_562' title='bbox 1408 2204 1512 2242; x_wconf 63' lang='grc' dir='ltr'>ἔτεκές</span> <span class='ocrx_word' id='word_1_563' title='bbox 1528 2204 1645 2245; x_wconf 57' lang='grc' dir='ltr'><strong><em>ἠὕρι-</em></strong></span> 
     </span>
     <span class='ocr_line' id='line_1_43' title="bbox 112 2247 1646 2299; baseline -0.003 -10"><span class='ocrx_word' id='word_1_564' title='bbox 112 2254 300 2290; x_wconf 79' lang='lat' dir='ltr'>reddente</span> <span class='ocrx_word' id='word_1_565' title='bbox 321 2265 404 2289; x_wconf 86' lang='lat' dir='ltr'>cum</span> <span class='ocrx_word' id='word_1_566' title='bbox 428 2253 463 2288; x_wconf 83' lang='grc' dir='ltr'>Ρ.</span> <span class='ocrx_word' id='word_1_567' title='bbox 479 2251 609 2298; x_wconf 84' lang='lat' dir='ltr'>partim</span> <span class='ocrx_word' id='word_1_568' title='bbox 622 2253 684 2299; x_wconf 82' lang='lat' dir='ltr'>Bg.</span> <span class='ocrx_word' id='word_1_569' title='bbox 699 2263 736 2287; x_wconf 87' lang='lat' dir='ltr'>et</span> <span class='ocrx_word' id='word_1_570' title='bbox 748 2253 826 2295; x_wconf 71' lang='lat' dir='ltr'>Sep.</span> <span class='ocrx_word' id='word_1_571' title='bbox 839 2251 913 2286; x_wconf 82' lang='lat' dir='ltr'>Th.</span> <span class='ocrx_word' id='word_1_572' title='bbox 937 2264 1002 2297; x_wconf 83' lang='lat' dir='ltr'>per</span> <span class='ocrx_word' id='word_1_573' title='bbox 1014 2252 1104 2288; x_wconf 79' lang='lat' dir='ltr'>haec</span> <span class='ocrx_word' id='word_1_574' title='bbox 1117 2251 1194 2287; x_wconf 90' lang='lat' dir='ltr'>lnd.</span> <span class='ocrx_word' id='word_1_575' title='bbox 1209 2265 1242 2294; x_wconf 85' lang='lat'>4,</span> <span class='ocrx_word' id='word_1_576' title='bbox 1255 2254 1334 2296; x_wconf 75' lang='lat'>546.</span> <span class='ocrx_word' id='word_1_577' title='bbox 1348 2264 1378 2286; x_wconf 90' lang='lat' dir='ltr'>e.</span> <span class='ocrx_word' id='word_1_578' title='bbox 1398 2263 1473 2291; x_wconf 83' lang='lat' dir='ltr'>„ex</span> <span class='ocrx_word' id='word_1_579' title='bbox 1486 2247 1646 2286; x_wconf 81' lang='lat' dir='ltr'>Herodi.</span> 
     </span>
     <span class='ocr_line' id='line_1_44' title="bbox 113 2299 1648 2348; baseline -0.003 -9"><span class='ocrx_word' id='word_1_580' title='bbox 113 2301 265 2340; x_wconf 73' lang='lat' dir='ltr'>affertur</span> <span class='ocrx_word' id='word_1_581' title='bbox 275 2307 324 2345; x_wconf 65' lang='grc' dir='ltr'>εἰς,</span> <span class='ocrx_word' id='word_1_582' title='bbox 333 2318 366 2338; x_wconf 82' lang='grc' dir='ltr'>τ.</span> <span class='ocrx_word' id='word_1_583' title='bbox 389 2300 418 2340; x_wconf 80' lang='grc' dir='ltr'>ὅ.</span> <span class='ocrx_word' id='word_1_584' title='bbox 440 2305 589 2346; x_wconf 70' lang='grc' dir='ltr'>ἀσεβεῖν,</span> <span class='ocrx_word' id='word_1_585' title='bbox 602 2301 857 2337; x_wconf 82' lang='lat' dir='ltr'>iusiurandum</span> <span class='ocrx_word' id='word_1_586' title='bbox 870 2302 1041 2337; x_wconf 75' lang='lat' dir='ltr'>violare&lt;‘</span> <span class='ocrx_word' id='word_1_587' title='bbox 1063 2300 1338 2348; x_wconf 70' lang='lat' dir='ltr'>perleffionem</span> <span class='ocrx_word' id='word_1_588' title='bbox 1352 2299 1508 2336; x_wconf 86' lang='lat' dir='ltr'>aliamin</span> <span class='ocrx_word' id='word_1_589' title='bbox 1525 2310 1648 2346; x_wconf 84' lang='lat' dir='ltr'>praep.</span> 
     </span>
     <span class='ocr_line' id='line_1_45' title="bbox 114 2349 1646 2400; baseline -0.003 -11"><span class='ocrx_word' id='word_1_590' title='bbox 114 2363 154 2389; x_wconf 89' lang='lat' dir='ltr'>et</span> <span class='ocrx_word' id='word_1_591' title='bbox 172 2366 236 2398; x_wconf 80' lang='lat' dir='ltr'>pro</span> <span class='ocrx_word' id='word_1_592' title='bbox 259 2351 437 2388; x_wconf 78' lang='lat' dir='ltr'>severiori</span> <span class='ocrx_word' id='word_1_593' title='bbox 457 2349 756 2400; x_wconf 65' lang='lat' dir='ltr'>peccat-einsacr.</span> <span class='ocrx_word' id='word_1_594' title='bbox 768 2377 778 2392; x_wconf 93' lang='lat'>‚</span> <span class='ocrx_word' id='word_1_595' title='bbox 807 2349 870 2387; x_wconf 86' lang='lat' dir='ltr'>etli</span> <span class='ocrx_word' id='word_1_596' title='bbox 886 2352 932 2386; x_wconf 89' lang='lat' dir='ltr'>G.</span> <span class='ocrx_word' id='word_1_597' title='bbox 944 2351 1018 2389; x_wconf 86' lang='lat' dir='ltr'>Th.</span> <span class='ocrx_word' id='word_1_598' title='bbox 1032 2351 1144 2387; x_wconf 90' lang='lat' dir='ltr'>modo</span> <span class='ocrx_word' id='word_1_599' title='bbox 1165 2361 1274 2387; x_wconf 88' lang='lat' dir='ltr'>tenet</span> <span class='ocrx_word' id='word_1_600' title='bbox 1287 2351 1366 2386; x_wconf 89' lang='lat' dir='ltr'>Lat.</span> <span class='ocrx_word' id='word_1_601' title='bbox 1380 2349 1580 2386; x_wconf 81' lang='lat' dir='ltr'>formulam</span> <span class='ocrx_word' id='word_1_602' title='bbox 1593 2349 1646 2390; x_wconf 75' lang='lat' dir='ltr'>P..</span> 
     </span>
     <span class='ocr_line' id='line_1_46' title="bbox 114 2397 1688 2449; baseline -0.002 -10"><span class='ocrx_word' id='word_1_603' title='bbox 114 2403 179 2440; x_wconf 89' lang='lat' dir='ltr'>ubi</span> <span class='ocrx_word' id='word_1_604' title='bbox 194 2403 329 2439; x_wconf 86' lang='lat' dir='ltr'>Noster</span> <span class='ocrx_word' id='word_1_605' title='bbox 341 2401 550 2449; x_wconf 70' lang='lat' dir='ltr'>analogiam</span> <span class='ocrx_word' id='word_1_606' title='bbox 569 2410 718 2436; x_wconf 86' lang='lat' dir='ltr'>tantum</span> <span class='ocrx_word' id='word_1_607' title='bbox 739 2399 912 2446; x_wconf 84' lang='lat' dir='ltr'>sequatur</span> <span class='ocrx_word' id='word_1_608' title='bbox 922 2400 962 2436; x_wconf 86' lang='lat' dir='ltr'>in</span> <span class='ocrx_word' id='word_1_609' title='bbox 977 2405 1078 2439; x_wconf 50' lang='grc' dir='ltr'>κὰπ.</span> <span class='ocrx_word' id='word_1_610' title='bbox 1101 2413 1180 2436; x_wconf 85' lang='lat' dir='ltr'>non</span> <span class='ocrx_word' id='word_1_611' title='bbox 1194 2400 1308 2436; x_wconf 88' lang='lat' dir='ltr'>modo</span> <span class='ocrx_word' id='word_1_612' title='bbox 1321 2412 1405 2437; x_wconf 89' lang='lat' dir='ltr'>cum</span> <span class='ocrx_word' id='word_1_613' title='bbox 1427 2410 1550 2446; x_wconf 87' lang='lat' dir='ltr'>praep.</span> <span class='ocrx_word' id='word_1_614' title='bbox 1573 2397 1648 2440; x_wconf 72' lang='lat' dir='ltr'>sua,</span> <span class='ocrx_word' id='word_1_615' title='bbox 1680 2429 1688 2436; x_wconf 92' lang='lat'>.</span> 
     </span>
     <span class='ocr_line' id='line_1_47' title="bbox 115 2447 1650 2500; baseline -0.004 -12"><span class='ocrx_word' id='word_1_616' title='bbox 115 2453 178 2490; x_wconf 86' lang='lat' dir='ltr'>sed</span> <span class='ocrx_word' id='word_1_617' title='bbox 189 2453 300 2490; x_wconf 82' lang='lat' dir='ltr'>etiam</span> <span class='ocrx_word' id='word_1_618' title='bbox 315 2451 352 2487; x_wconf 87' lang='lat' dir='ltr'>in</span> <span class='ocrx_word' id='word_1_619' title='bbox 368 2463 490 2498; x_wconf 81' lang='lat' dir='ltr'>praep.</span> <span class='ocrx_word' id='word_1_620' title='bbox 503 2463 586 2487; x_wconf 89' lang='lat' dir='ltr'>cum</span> <span class='ocrx_word' id='word_1_621' title='bbox 600 2462 674 2486; x_wconf 80' lang='lat' dir='ltr'>acc,</span> <span class='ocrx_word' id='word_1_622' title='bbox 686 2450 739 2487; x_wconf 82' lang='lat' dir='ltr'>rei</span> <span class='ocrx_word' id='word_1_623' title='bbox 751 2450 847 2490; x_wconf 84' lang='lat' dir='ltr'>suae,</span> <span class='ocrx_word' id='word_1_624' title='bbox 858 2450 1122 2500; x_wconf 82' lang='lat' dir='ltr'>praebentibus</span> <span class='ocrx_word' id='word_1_625' title='bbox 1133 2449 1238 2487; x_wconf 83' lang='lat' dir='ltr'>lndd.</span> <span class='ocrx_word' id='word_1_626' title='bbox 1253 2448 1367 2485; x_wconf 87' lang='lat' dir='ltr'>modo</span> <span class='ocrx_word' id='word_1_627' title='bbox 1379 2462 1414 2485; x_wconf 87' lang='lat' dir='ltr'>v.</span> <span class='ocrx_word' id='word_1_628' title='bbox 1426 2449 1488 2485; x_wconf 63' lang='lat' dir='ltr'>aa.</span> <span class='ocrx_word' id='word_1_629' title='bbox 1501 2447 1650 2484; x_wconf 83' lang='lat' dir='ltr'>absolu-</span> 
     </span>
     <span class='ocr_line' id='line_1_48' title="bbox 114 2494 1648 2550; baseline -0.004 -12"><span class='ocrx_word' id='word_1_630' title='bbox 114 2513 155 2538; x_wconf 86' lang='lat' dir='ltr'>te</span> <span class='ocrx_word' id='word_1_631' title='bbox 168 2501 332 2550; x_wconf 65' lang='lat' dir='ltr'>politum</span> <span class='ocrx_word' id='word_1_632' title='bbox 341 2501 460 2547; x_wconf 83' lang='lat' dir='ltr'>Orph.</span> <span class='ocrx_word' id='word_1_633' title='bbox 473 2502 530 2537; x_wconf 86' lang='lat' dir='ltr'>Rs.</span> <span class='ocrx_word' id='word_1_634' title='bbox 544 2502 613 2537; x_wconf 87' lang='lat' dir='ltr'>Or.</span> <span class='ocrx_word' id='word_1_635' title='bbox 628 2501 672 2535; x_wconf 93' lang='lat' dir='ltr'>V.</span> <span class='ocrx_word' id='word_1_636' title='bbox 684 2494 719 2544; x_wconf 65' lang='lat'>41</span> <span class='ocrx_word' id='word_1_637' title='bbox 733 2501 828 2536; x_wconf 86' lang='lat' dir='ltr'>Xen.</span> <span class='ocrx_word' id='word_1_638' title='bbox 840 2500 916 2535; x_wconf 86' lang='lat' dir='ltr'>Pol.</span> <span class='ocrx_word' id='word_1_639' title='bbox 929 2499 969 2536; x_wconf 89' lang='grc' dir='ltr'>Ζ.</span> <span class='ocrx_word' id='word_1_640' title='bbox 983 2501 1072 2538; x_wconf 89' lang='lat' dir='ltr'>Luc.</span> <span class='ocrx_word' id='word_1_641' title='bbox 1085 2513 1168 2537; x_wconf 83' lang='lat' dir='ltr'>cum</span> <span class='ocrx_word' id='word_1_642' title='bbox 1184 2501 1221 2535; x_wconf 88' lang='lat' dir='ltr'>L.</span> <span class='ocrx_word' id='word_1_643' title='bbox 1236 2500 1281 2535; x_wconf 89' lang='lat' dir='ltr'>N.</span> <span class='ocrx_word' id='word_1_644' title='bbox 1295 2500 1356 2539; x_wconf 80' lang='lat' dir='ltr'>T..</span> <span class='ocrx_word' id='word_1_645' title='bbox 1369 2499 1507 2536; x_wconf 57' lang='lat' dir='ltr'>ineam</span> <span class='ocrx_word' id='word_1_646' title='bbox 1517 2497 1648 2545; x_wconf 86' lang='lat' dir='ltr'>aliquo</span> 
     </span>
     <span class='ocr_line' id='line_1_49' title="bbox 115 2548 1646 2601; baseline -0.003 -13"><span class='ocrx_word' id='word_1_647' title='bbox 115 2551 287 2601; x_wconf 83' lang='lat' dir='ltr'>particip.</span> <span class='ocrx_word' id='word_1_648' title='bbox 310 2552 370 2588; x_wconf 80' lang='lat' dir='ltr'>Rs.</span> <span class='ocrx_word' id='word_1_649' title='bbox 395 2552 462 2587; x_wconf 90' lang='lat' dir='ltr'>Or.</span> <span class='ocrx_word' id='word_1_650' title='bbox 484 2551 528 2588; x_wconf 87' lang='lat' dir='ltr'>V.</span> <span class='ocrx_word' id='word_1_651' title='bbox 548 2555 582 2589; x_wconf 85' lang='lat'>6.</span> <span class='ocrx_word' id='word_1_652' title='bbox 598 2559 632 2591; x_wconf 80' lang='lat'>8.</span> <span class='ocrx_word' id='word_1_653' title='bbox 651 2549 775 2592; x_wconf 60' lang='lat' dir='ltr'>And„</span> <span class='ocrx_word' id='word_1_654' title='bbox 804 2549 869 2585; x_wconf 86' lang='lat' dir='ltr'>ubi</span> <span class='ocrx_word' id='word_1_655' title='bbox 899 2561 984 2586; x_wconf 86' lang='lat' dir='ltr'>curn</span> <span class='ocrx_word' id='word_1_656' title='bbox 1013 2549 1188 2587; x_wconf 69' lang='lat' dir='ltr'>adiuncto</span> <span class='ocrx_word' id='word_1_657' title='bbox 1208 2561 1248 2585; x_wconf 89' lang='lat' dir='ltr'>et</span> <span class='ocrx_word' id='word_1_658' title='bbox 1266 2548 1371 2589; x_wconf 85' lang='lat' dir='ltr'>adv..</span> <span class='ocrx_word' id='word_1_659' title='bbox 1406 2551 1460 2586; x_wconf 76' lang='grc' dir='ltr'>νῦν</span> <span class='ocrx_word' id='word_1_660' title='bbox 1478 2553 1514 2586; x_wconf 78' lang='grc' dir='ltr'>δὲ</span> <span class='ocrx_word' id='word_1_661' title='bbox 1531 2551 1646 2588; x_wconf 71' lang='grc' dir='ltr'>ἀσεβῶ·</span> 
     </span>
     <span class='ocr_line' id='line_1_50' title="bbox 112 2597 1722 2646; baseline -0.006 -6"><span class='ocrx_word' id='word_1_662' title='bbox 112 2600 168 2645; x_wconf 58' lang='grc' dir='ltr'>καὶ</span> <span class='ocrx_word' id='word_1_663' title='bbox 188 2604 290 2639; x_wconf 59' lang='lat' dir='ltr'>&amp;Basti</span> <span class='ocrx_word' id='word_1_664' title='bbox 311 2601 420 2638; x_wconf 71' lang='grc' dir='ltr'><strong><em>εἰσιῶν</em></strong></span> <span class='ocrx_word' id='word_1_665' title='bbox 438 2606 485 2641; x_wconf 74' lang='grc' dir='ltr'>εἷς</span> <span class='ocrx_word' id='word_1_666' title='bbox 504 2605 550 2637; x_wconf 72' lang='grc' dir='ltr'>τὰ</span> <span class='ocrx_word' id='word_1_667' title='bbox 567 2604 661 2646; x_wconf 64' lang='grc' dir='ltr'><em>ἱερὰ,</em></span> <span class='ocrx_word' id='word_1_668' title='bbox 689 2611 771 2636; x_wconf 85' lang='lat' dir='ltr'>cum</span> <span class='ocrx_word' id='word_1_669' title='bbox 791 2601 872 2636; x_wconf 80' lang='lat' dir='ltr'>adv.</span> <span class='ocrx_word' id='word_1_670' title='bbox 892 2600 965 2635; x_wconf 84' lang='lat' dir='ltr'>alio</span> <span class='ocrx_word' id='word_1_671' title='bbox 985 2601 1117 2641; x_wconf 86' lang='lat' dir='ltr'>Dem.‚</span> <span class='ocrx_word' id='word_1_672' title='bbox 1155 2611 1240 2635; x_wconf 88' lang='lat' dir='ltr'>cum</span> <span class='ocrx_word' id='word_1_673' title='bbox 1266 2611 1339 2634; x_wconf 88' lang='lat' dir='ltr'>acc.</span> <span class='ocrx_word' id='word_1_674' title='bbox 1360 2597 1413 2635; x_wconf 91' lang='lat' dir='ltr'>rei</span> <span class='ocrx_word' id='word_1_675' title='bbox 1433 2597 1536 2634; x_wconf 93' lang='lat' dir='ltr'>nudo</span> <span class='ocrx_word' id='word_1_676' title='bbox 1555 2598 1646 2633; x_wconf 79' lang='lat' dir='ltr'>Abr.</span> <span class='ocrx_word' id='word_1_677' title='bbox 1682 2608 1694 2629; x_wconf 79' lang='grc' dir='ltr'>ῑ-</span> <span class='ocrx_word' id='word_1_678' title='bbox 1720 2635 1722 2643; x_wconf 37' lang='lat'><strong><em>¹</em></strong></span> 
     </span>
     <span class='ocr_line' id='line_1_51' title="bbox 113 2647 1648 2696; baseline -0.003 -8"><span class='ocrx_word' id='word_1_679' title='bbox 113 2650 157 2688; x_wconf 81' lang='lat' dir='ltr'>ad</span> <span class='ocrx_word' id='word_1_680' title='bbox 180 2650 311 2688; x_wconf 76' lang='lat' dir='ltr'>Aesch.</span> <span class='ocrx_word' id='word_1_681' title='bbox 334 2651 381 2686; x_wconf 87' lang='lat' dir='ltr'>T.</span> <span class='ocrx_word' id='word_1_682' title='bbox 405 2662 438 2686; x_wconf 78' lang='lat'>2.</span> <span class='ocrx_word' id='word_1_683' title='bbox 461 2661 499 2685; x_wconf 91' lang='lat' dir='ltr'>et</span> <span class='ocrx_word' id='word_1_684' title='bbox 519 2649 695 2686; x_wconf 85' lang='lat' dir='ltr'>Dion.H.</span> <span class='ocrx_word' id='word_1_685' title='bbox 715 2651 751 2687; x_wconf 82' lang='lat' dir='ltr'>S.</span> <span class='ocrx_word' id='word_1_686' title='bbox 772 2650 819 2686; x_wconf 90' lang='lat' dir='ltr'>T.</span> <span class='ocrx_word' id='word_1_687' title='bbox 839 2662 866 2686; x_wconf 85' lang='grc' dir='ltr'>ι.</span> <span class='ocrx_word' id='word_1_688' title='bbox 888 2663 909 2685; x_wconf 83' lang='lat' dir='ltr'>e</span> <span class='ocrx_word' id='word_1_689' title='bbox 928 2661 1104 2693; x_wconf 80' lang='lat'>725‚15.‚</span> <span class='ocrx_word' id='word_1_690' title='bbox 1132 2649 1195 2687; x_wconf 84' lang='lat' dir='ltr'>ubi</span> <span class='ocrx_word' id='word_1_691' title='bbox 1217 2648 1330 2696; x_wconf 86' lang='lat' dir='ltr'>plene</span> <span class='ocrx_word' id='word_1_692' title='bbox 1347 2647 1406 2685; x_wconf 75' lang='grc' dir='ltr'>τᾶν</span> <span class='ocrx_word' id='word_1_693' title='bbox 1428 2651 1648 2694; x_wconf 55' lang='lat' dir='ltr'>egat-enorme»</span> 
     </span>
     <span class='ocr_line' id='line_1_52' title="bbox 110 2688 1648 2746; baseline -0.003 -7"><span class='ocrx_word' id='word_1_694' title='bbox 110 2694 328 2746; x_wconf 62' lang='grc' dir='ltr'><strong><em>ἧσεβηκότων</em></strong></span> <span class='ocrx_word' id='word_1_695' title='bbox 351 2698 465 2746; x_wconf 60' lang='lat' dir='ltr'>genev,</span> <span class='ocrx_word' id='word_1_696' title='bbox 493 2699 670 2736; x_wconf 79' lang='lat' dir='ltr'>militaris</span> <span class='ocrx_word' id='word_1_697' title='bbox 690 2698 907 2737; x_wconf 84' lang='lat' dir='ltr'>sacramenti</span> <span class='ocrx_word' id='word_1_698' title='bbox 929 2688 1189 2742; x_wconf 71' lang='lat' dir='ltr'>vialatoribul‚</span> <span class='ocrx_word' id='word_1_699' title='bbox 1217 2698 1262 2736; x_wconf 88' lang='lat' dir='ltr'>ad</span> <span class='ocrx_word' id='word_1_700' title='bbox 1283 2697 1534 2746; x_wconf 13' lang='lat' dir='ltr'>quemlyocum</span> <span class='ocrx_word' id='word_1_701' title='bbox 1553 2709 1585 2732; x_wconf 92' lang='lat' dir='ltr'>v.</span> <span class='ocrx_word' id='word_1_702' title='bbox 1596 2696 1648 2735; x_wconf 83' lang='lat' dir='ltr'>N.</span> 
     </span>
     <span class='ocr_line' id='line_1_53' title="bbox 109 2745 1722 2798; baseline -0.001 -13"><span class='ocrx_word' id='word_1_703' title='bbox 109 2752 172 2789; x_wconf 81' lang='lat' dir='ltr'>sb.</span> <span class='ocrx_word' id='word_1_704' title='bbox 186 2776 198 2794; x_wconf 90' lang='lat'><em>,</em></span> <span class='ocrx_word' id='word_1_705' title='bbox 222 2749 286 2788; x_wconf 76' lang='lat' dir='ltr'>sed</span> <span class='ocrx_word' id='word_1_706' title='bbox 304 2761 389 2787; x_wconf 86' lang='lat' dir='ltr'>cum</span> <span class='ocrx_word' id='word_1_707' title='bbox 411 2761 488 2786; x_wconf 84' lang='lat' dir='ltr'>acc.</span> <span class='ocrx_word' id='word_1_708' title='bbox 513 2748 607 2798; x_wconf 71' lang='lat' dir='ltr'>perfi</span> <span class='ocrx_word' id='word_1_709' title='bbox 627 2748 733 2787; x_wconf 88' lang='lat' dir='ltr'>nudo</span> <span class='ocrx_word' id='word_1_710' title='bbox 753 2749 812 2786; x_wconf 83' lang='lat' dir='ltr'>Rs.</span> <span class='ocrx_word' id='word_1_711' title='bbox 837 2750 902 2786; x_wconf 84' lang='lat' dir='ltr'>Or.</span> <span class='ocrx_word' id='word_1_712' title='bbox 924 2749 972 2785; x_wconf 83' lang='lat' dir='ltr'>V.</span> <span class='ocrx_word' id='word_1_713' title='bbox 993 2752 1028 2785; x_wconf 81' lang='lat'>6.</span> <span class='ocrx_word' id='word_1_714' title='bbox 1050 2747 1168 2788; x_wconf 86' lang='lat' dir='ltr'>Diod.</span> <span class='ocrx_word' id='word_1_715' title='bbox 1187 2749 1224 2785; x_wconf 88' lang='lat' dir='ltr'>S.</span> <span class='ocrx_word' id='word_1_716' title='bbox 1242 2759 1329 2785; x_wconf 88' lang='lat' dir='ltr'>cum</span> <span class='ocrx_word' id='word_1_717' title='bbox 1351 2746 1464 2784; x_wconf 79' lang='lat' dir='ltr'>Weff.</span> <span class='ocrx_word' id='word_1_718' title='bbox 1483 2745 1529 2783; x_wconf 84' lang='lat' dir='ltr'>ad</span> <span class='ocrx_word' id='word_1_719' title='bbox 1543 2757 1576 2787; x_wconf 84' lang='lat'>1,</span> <span class='ocrx_word' id='word_1_720' title='bbox 1589 2753 1646 2793; x_wconf 82' lang='lat'>87·</span> <span class='ocrx_word' id='word_1_721' title='bbox 1678 2773 1681 2775; x_wconf 71' lang='lat'><strong><em>—</em></strong></span> <span class='ocrx_word' id='word_1_722' title='bbox 1720 2751 1722 2784; x_wconf 76' lang='grc' dir='ltr'>Ξ</span> 
     </span>
    </p>
   </div>
  </div>
 </body>
</html>
