1722 3086
126 152 222 205 340
294 132 533 189 nemu.
569 134 783 186 cmxi.
826 141 881 187 A.
900 141 955 187 v.
978 140 1026 187 c.
1051 141 1160 199 946.
1192 139 1330 188 cHR.
1351 145 1415 190 N.
1441 158 1545 204 193.

127 263 358 320 πονοῦντα,
377 256 513 308 οἷλλαῖ
530 256 608 306 καὶ
629 258 711 305 τῶν
725 254 880 321 καμσί-
916 261 1058 327 ipsum
1083 281 1173 310 una
1194 264 1481 324 laborantem,
1514 267 1584 314 sed
1605 278 1649 316 et

124 358 205 389 ’των
232 333 438 408 οἵξχοντα.
473 337 508 383 οἱ
545 335 784 403 ςξοετιῶτῳς
815 337 880 382 αἰ-
915 338 1087 387 labores
1102 341 1383 389 inchoantem
1399 345 1554 390 milites
1579 361 1645 390 re-

126 413 335 483 δευόμενοι,
357 406 481 480 ‘aerea‘
495 409 758 481 πξοθυμίοες
769 410 880 460 ποίν-
915 413 1067 472 veriti,
1117 417 1316 465 alacriter
1352 422 1500 466 omnia
1519 420 1644 468 facie·

126 573 235 601 «ατο,
265 555 312 593 cf.
335 556 409 593 hoc
436 554 561 592 nostro
582 563 661 602 cap.
684 552 717 601 §.
743 560 850 607 ¹32²·
876 556 919 594 ὥς
938 545 978 590 ἂν
998 548 1165 595 κτήσαιτο
1187 561 1247 598 τὴν
1275 551 1398 593 εὔνοιαν
1417 559 1549 598 αὖα-ὤν,
1585 555 1645 593 cui

127 610 246 646 verbo
274 605 507 654 respondent
526 606 570 640 ad
599 604 743 642 sensum
765 603 856 644 alia,
892 612 930 638 et
949 601 1024 649 ipsa
1056 615 1112 650 ap.
1134 605 1306 640 Nostrum
1337 604 1489 648 ufirara,
1522 617 1566 642 ut
1586 613 1647 649 τὴν

126 657 251 698 εὔνοιαν
269 657 495 697 οἰκειοζσξὶοοι,
526 665 597 690 etc.
649 653 720 689 Sed
742 651 775 686 h.
797 651 820 686 l.
849 650 958 688 leffio
985 652 1084 701 vulg.
1112 656 1272 691 tenenda
1301 654 1371 695 est,
1404 667 1484 691 non
1516 655 1646 696 modoae,

126 707 232 758 quod
252 708 379 743 eadem
403 705 452 741 est
475 717 508 747 2,
531 715 565 748 9,
587 711 703 743 18.m.
723 713 759 737 et
772 714 806 747 4,
829 714 840 736 x
855 713 887 741 1,
904 713 932 738 1.
947 714 1016 742 τη,
1041 714 1169 738 verum
1185 704 1295 740 etiam
1316 715 1533 751 propterea,
1557 704 1646 752 quia
1694 703 1697 706 ’

124 760 305 798 πιςοδσθοω
323 763 384 796 τὴν
399 758 463 792 εὐν.
487 766 567 790 non
587 751 733 789 videtur
755 749 967 797 simpliciter
985 751 1054 788 effe
1073 752 1093 787 i.
1108 765 1143 799 q.
1166 757 1312 795 κτᾶσθαι,
1330 761 1386 795 τὴν
1399 756 1463 792 edv-
1476 776 1487 791 ‚
1514 755 1574 790 sed
1586 760 1646 799 βεε-

125 810 240 855 excoxi-‚e
259 813 320 846 τῆν
340 807 428 845 edu..
462 805 565 851 quod
592 812 629 839 et
651 801 772 849 ipsum
793 801 947 836 habetur
970 813 1001 840 1,
1024 804 1059 841 6,
1086 813 1163 844 19.‚
1203 803 1225 838 1ζ
1249 803 1287 838 in
1309 802 1403 838 med.
1425 805 1646 849 βεβαιοῦσθαι,

124 866 184 902 τὴν
204 860 269 893 εῦν.
285 879 296 896 ,
333 854 380 890 εἰ
404 867 447 890 ex
464 853 578 902 Hesy.
601 851 646 888 ad
667 865 701 892 2,
720 864 755 896 9,
781 857 830 892 ¹8.
879 851 926 886 Et
946 850 1020 886 hoc
1037 849 1142 887 sensu
1157 852 1267 887 eciam
1286 851 1432 898 accepit
1447 855 1529 901 Eg„
1550 851 1645 888 mula

126 920 166 945 to
187 907 251 943 ille
273 904 335 941 hic
357 903 596 951 diligentior,
623 913 733 950 quam
757 901 791 936 Ρ.
844 899 880 935 Si
901 900 984 946 quis
1006 911 1126 935 autem
1151 900 1244 937 istud
1266 901 1418 937 verbum
1439 902 1537 950 vulg.
1559 912 1646 937 cum

127 959 198 995 Ms-
222 955 432 991 Glossatore
453 965 580 999 capere
598 950 701 987 malit
719 959 874 997 propter
897 948 1076 986 adiestum
1098 955 1259 999 μείζςνκ,
1284 951 1348 998 qui
1371 950 1647 998 comparativus

125 1005 330 1044 convenire
353 1002 467 1051 magis
486 1001 657 1038 videatur
674 1013 758 1036 cum
779 999 899 1034 verbis
919 1007 1077 1045 parare,
1105 1000 1412 1046 conciliarefilti,
1436 1011 1532 1038 ete.:
1559 1012 1647 1036 cum

126 1072 170 1095 eo
190 1068 268 1091 non
290 1065 473 1101 pugneim
507 1063 717 1099 quanquam
743 1062 759 1084 a
781 1048 914 1084 nostris
935 1048 1100 1094 parribus
1117 1050 1183 1084 stet
1201 1063 1282 1086 cum
1297 1049 1381 1086 usus
1402 1050 1505 1086 illius
1517 1063 1547 1085 ν.
1560 1065 1646 1090 me„

127 1120 186 1147 et,
214 1104 318 1152 quod
339 1102 467 1144 sciam,
495 1100 864 1149 perpetuafirmandi
880 1110 917 1134 et
935 1099 1169 1146 εοιζῇνιηαπιίί
1194 1097 1424 1148 lignificatiO,
1452 1111 1531 1136 tum
1554 1099 1645 1136 illud

127 1157 238 1195 etiam
254 1179 264 1195 ,
291 1152 393 1201 quod
410 1150 652 1198 comparativi
675 1150 779 1196 saepe
800 1148 982 1184 amittunt
1002 1147 1101 1184 suam
1121 1149 1195 1184 vim
1220 1150 1420 1195 propriam,
1446 1161 1484 1185 et
1497 1161 1648 1197 ponun—

129 1219 188 1245 tur
211 1217 278 1252 pro
303 1200 487 1250 pofitivis‚
516 1213 551 1239 ν.
566 1199 651 1237 Rsk.
675 1199 719 1234 ad
739 1197 852 1234 Anth.
875 1197 938 1232 Gr.
960 1209 994 1244 p.
1019 1209 1099 1244 213.
1116 1211 1161 1234 m.
1185 1210 1222 1235 et
1240 1202 1282 1234 ad
1304 1198 1432 1234 Aesch.
1455 1200 1522 1236 Or.
1542 1199 1588 1234 V.
1612 1208 1646 1244 3.

130 1271 164 1304 p.
189 1265 272 1300 459.
293 1266 324 1288 e.
350 1251 390 1287 it.
412 1250 464 1286 Fi.
486 1252 582 1286 The.
604 1248 685 1285 Ind.
708 1261 740 1284 v.
757 1254 867 1288 mode
886 1259 933 1281 m.
948 1273 960 1289 ,
996 1259 1105 1294 quam
1133 1247 1431 1284 observationem
1451 1249 1646 1284 Bremerus

127 1307 166 1344 in
183 1304 250 1341 suo
272 1301 351 1338 lnd.
372 1299 514 1342 omific,
540 1298 663 1340 forte,
690 1299 790 1345 quod
803 1297 911 1331 sciret
923 1296 1070 1332 dubiam
1091 1296 1190 1333 illam
1203 1310 1260 1344 ap.
1280 1299 1475 1345 quosdam,
1507 1310 1541 1332 v.
1554 1298 1645 1333 Abr.

126 1355 190 1393 Dl.
209 1352 286 1389 Th.
307 1363 343 1398 p.
359 1349 474 1391 ’.Ἕω-ἰ.
496 1348 540 1384 ad
563 1360 591 1383 c.
606 1359 637 1390 9.
664 1347 707 1383 it.
732 1347 849 1382 Koen.
872 1345 1039 1393 adGreg.
1059 1359 1093 1392 p.
1112 1351 1169 1392 46.
1186 1347 1234 1383 N.
1249 1355 1336 1390 79.“
1385 1347 1532 1395 Qibus
1544 1354 1647 1383 nunc

125 1403 277 1454 quidem
300 1399 483 1440 addimus,
512 1398 633 1444 primo
652 1397 695 1432 ad
717 1396 881 1443 Oppiam.
900 1396 1037 1437 locum,
1063 1394 1180 1432 videri
1203 1407 1242 1430 et
1263 1397 1444 1432 ibivalere
1457 1395 1647 1443 propriam

123 1455 200 1491 vim
219 1465 254 1486 v.
272 1464 307 1487 vr.
324 1476 334 1492 ‚
370 1461 437 1496 pro
458 1449 536 1497 quis
555 1446 675 1482 haecce
687 1447 827 1493 firmet,
854 1443 1092 1486 demonstret,
1120 1444 1336 1491 persuadeat
1355 1447 1467 1481 aliis?
1499 1456 1579 1481 tum
1599 1445 1647 1482 ad

125 1503 287 1541 nostrum
307 1500 433 1535 locum
447 1523 458 1539 ,
490 1495 587 1533 nihil
612 1495 710 1532 ferre
726 1496 809 1530 Sch.
823 1521 830 1531 .
865 1504 972 1541 quam
987 1493 1026 1528 in
1047 1506 1132 1531 var.
1156 1496 1192 1532 P.
1216 1495 1293 1530 Lat.
1316 1504 1353 1530 et
1373 1495 1509 1541 ἰημειζ.
1524 1494 1645 1530 solum

124 1550 423 1591 benevolentiam,
454 1560 533 1596 quo
555 1545 602 1581 de
628 1557 694 1592 pro
723 1542 882 1591 pontivo
908 1542 957 1578 cf.
983 1555 1014 1581 1,
1039 1554 1094 1586 10,
1113 1555 1170 1586 7.,
1208 1545 1252 1580 ad
1273 1544 1376 1581 cuius
1396 1543 1427 1591 §.
1447 1545 1498 1591 sq.
1520 1542 1645 1579 sumfi..

125 1614 206 1640 mus
224 1600 310 1636 sane
330 1598 444 1634 etiam
466 1598 583 1642 μεῖξον
603 1607 669 1641 pro
690 1595 770 1629 adv.
785 1614 794 1631 ³
822 1591 932 1628 etiam
954 1595 1074 1638 μείζω,
1100 1593 1202 1629 cuius
1221 1605 1300 1628 non
1321 1593 1544 1629 contrafflm
1568 1593 1646 1628 for·

125 1665 221 1690 mam
241 1647 302 1686 hic
322 1649 464 1693 μείζονα
483 1644 659 1681 Strothus
680 1642 848 1678 limiliter
870 1642 1086 1688 explicabat,
1114 1641 1174 1678 sed
1198 1654 1238 1677 ut
1258 1642 1356 1678 forre
1368 1642 1550 1679 adiestivo
1573 1653 1645 1677 ma-

125 1714 215 1741 nere
237 1697 346 1747 poffit
365 1697 420 1731 vis
440 1709 460 1730 e
484 1692 645 1729 notione
669 1695 731 1742 Eg.
753 1693 792 1728 in
815 1703 848 1726 ν.
867 1706 959 1731 7:152,
997 1699 1091 1738 quae
1110 1704 1188 1727 non
1213 1690 1262 1727 est
1283 1692 1434 1737 quidem
1455 1692 1646 1739 reperien-

124 1753 168 1789 da
188 1762 245 1796 ap.
269 1746 359 1784 ssud.
384 1747 426 1782 C.
445 1755 483 1781 et
503 1747 583 1790 Stp.
604 1742 678 1778 Th.
692 1767 702 1784 ,
729 1740 857 1778 necin
877 1740 918 1775 L.
942 1740 1050 1779 Em„
1086 1740 1147 1777 fed
1167 1753 1236 1777 nec
1254 1741 1485 1778 abhorrensa
1500 1740 1644 1788 v.prin.

123 1803 206 1848 cipe
230 1796 411 1836 notione,
446 1793 488 1829 ad
511 1805 620 1841 quam
639 1790 750 1827 facile
771 1801 921 1826 revoces
939 1789 998 1831 fic,
1013 1789 1087 1836 sibi
1104 1789 1347 1838 fidemfecit‚
1375 1790 1555 1838 spestante
1568 1789 1644 1826 huc

121 1853 183 1888 Sb.
205 1847 286 1886 Ind.
306 1856 453 1882 tautum
476 1841 514 1878 in
534 1848 621 1881 ἒπις-
647 1847 816 1885 υμεγὶιῑην
836 1845 930 1885 παρὰ
949 1855 981 1874 τ.
1007 1855 1055 1885 ες.
1079 1842 1142 1877 εὖν.
1166 1838 1213 1875 fic
1237 1852 1320 1884 505,
1342 1843 1397 1875 16.
1424 1850 1644 1888 „compara—

121 1912 163 1937 to
185 1899 235 1935 ita
257 1909 289 1938 ε,
310 1908 344 1939 9,
371 1903 443 1935 18.,
477 1905 517 1929 et
540 1903 704 1937 compar.
732 1893 822 1937 μειξ.
844 1901 909 1935 pro
938 1888 1107 1936 superlat.
1128 1901 1305 1933 neceptO,
1331 1890 1432 1937 quod
1451 1900 1490 1925 et
1518 1889 1642 1936 ipsum

119 1945 336 1998 praesidium
357 1941 626 1990 interpretandi
651 1938 754 1986 (alibi
776 1939 954 1979 solenne,
988 1951 1022 1973 v.
1044 1938 1098 1975 Fi.
1121 1938 1166 1974 ad
1187 1938 1298 1975 well.
1318 1951 1350 1986 p.
1367 1950 1449 1985 302.
1471 1952 1504 1975 e.
1534 1939 1575 1975 it.
1596 1937 1642 1974 ad

120 2001 212 2037 Plat.
233 1993 390 2033 Phaedo.
417 2006 451 2040 p.
468 2003 521 2036 59.
546 1992 594 2027 N.
617 2001 648 2037 3.
675 1990 762 2025 Abr.
783 1988 844 2024 Dl.
866 1988 938 2023 Th.
957 1999 993 2035 p.
1008 1999 1132 2034 514.e.
1152 2001 1191 2025 et
1213 1988 1308 2025 [eft.
1332 1990 1392 2026 Ar.
1414 2001 1448 2036 p.
1463 1997 1571 2032 284·›
1594 1989 1641 2025 ad

121 2049 205 2097 Vig.
225 2049 328 2093 p.66.
352 2044 469 2087 N.84.
490 2051 529 2076 et
547 2040 626 2078 lnd.
648 2040 742 2075 Xen.
766 2040 850 2086 Cyr.
870 2037 912 2073 Ζ.
935 2038 1014 2073 Lat.
1034 2050 1067 2072 ν.
1080 2040 1294 2085 comparat.)
1317 2049 1440 2075 tamen
1461 2037 1499 2074 h.
1517 2038 1542 2074 Ι.
1561 2036 1641 2074 vim

120 2113 154 2137 v.
173 2112 243 2135 τις.
264 2091 452 2141 propriam
476 2090 641 2131 deseret,
678 2101 763 2124 cum
788 2089 982 2123 maximam
1009 2087 1311 2124 benevolentiam
1322 2087 1397 2134 fibi
1413 2088 1569 2136 firmare
1595 2085 1639 2122 (it

121 2145 246 2196 potius
268 2144 359 2183 hoc,
389 2153 431 2177 ut
452 2139 535 2188 quis
555 2137 858 2175 benevolentiam
883 2137 1074 2172 maximam
1089 2160 1099 2177 ‚
1133 2148 1243 2184 quarn
1264 2137 1377 2174 habet
1395 2136 1468 2173 iam
1497 2149 1553 2184 ap.
1573 2136 1640 2172 ali·

119 2208 253 2246 quem,
288 2190 443 2228 stabiliat
464 2202 504 2225 ac
522 2191 697 2227 roboret,
734 2199 805 2234 qua
826 2186 874 2222 de
893 2186 1050 2221 maxima
1065 2186 1329 2222 benevolentia
1343 2197 1468 2223 tamen
1482 2186 1522 2223 in
1539 2185 1642 2232 prio‘-

117 2247 219 2285 ribus
239 2243 409 2279 nondum
431 2239 569 2276 dietum
589 2249 688 2278 erat,
724 2248 820 2284 quae
841 2236 1209 2289 demum-parabatur
1236 2235 1507 2276 communione
1536 2236 1640 2272 labo-

118 2308 202 2333 rum
224 2303 262 2328 et
280 2303 401 2328 rerum
422 2288 574 2328 vilium;
606 2299 702 2334 quae
721 2298 760 2321 et
779 2285 917 2321 cadunt
936 2284 974 2320 in
993 2284 1216 2321 lententiam
1239 2285 1362 2327 illam,
1394 2284 1419 2321 fi
1437 2284 1522 2334 quis
1543 2287 1638 2332 μειζ.
1701 2291 1714 2333 ’ζ

119 2357 184 2394 per
206 2340 404 2390 positivum
425 2337 610 2384 explicet,
645 2346 689 2372 ut
711 2334 751 2370 sit
766 2347 933 2379 magnam
951 2334 1510 2383 benevolentiamfibifirmare‚
1540 2344 1638 2382 quae
1703 2358 1713 2382 ³.

118 2405 157 2430 et
180 2391 253 2439 ipsa
282 2390 349 2426 iam
373 2387 490 2424 adesse
509 2387 643 2428 debet,
678 2384 701 2420 s1
725 2384 767 2420 fit
788 2375 1061 2423 c611firmanda;
1096 2395 1191 2432 quae
1217 2396 1346 2432 magna
1368 2383 1636 2431 benevolentig

116 2454 242 2480 tamen
264 2453 284 2476 e
308 2438 493 2484 prioribus
518 2448 592 2471 non
611 2434 661 2470 est
679 2434 728 2470 ita
750 2433 858 2469 dubia
873 2459 882 2474 ,
915 2445 958 2470 ut
974 2433 1155 2475 maxima3
1184 2446 1246 2476 ut,
1275 2446 1418 2481 praeter
1433 2435 1498 2482 Bg.
1522 2445 1638 2480 expo—

113 2492 309 2529 sitionem,
345 2487 459 2535 magis
481 2485 662 2522 inclinem
688 2485 729 2520 in
757 2483 952 2531 enallagen
982 2482 1084 2519 illam
1105 2481 1345 2533 comparativi
1373 2496 1441 2531 pro
1463 2481 1638 2530 pofitivo.

112 2554 221 2592 quam
244 2537 283 2574 in
305 2539 354 2573 Sb
387 2547 518 2584 partes.
828 2578 835 2585 Ι

161 2589 407 2633 συμφωνοῦντα)
439 2586 661 2621 Libertatem
693 2584 729 2618 Ρ.
760 2593 894 2616 variam
932 2579 1127 2618 deserente
1161 2583 1246 2629 Eg„
1289 2580 1424 2618 Noster
1451 2580 1635 2629 opprimit

114 2652 224 2688 pron.
242 2640 356 2677 αὐτοῖς
382 2636 405 2670 s.
426 2634 544 2675 αὑτοῖς
569 2633 614 2670 ad
638 2645 671 2672 ν.
692 2647 818 2676 cumn,
855 2630 958 2677 quod
987 2643 1044 2676 ap.
1064 2632 1145 2677 Stp.
1163 2632 1237 2667 Th.
1263 2644 1346 2668 cum
1366 2633 1444 2668 Lat.
1464 2633 1527 2679 Bg.
1558 2630 1636 2666 fine

112 2687 284 2728 austore,
318 2684 366 2720 cf.
387 2685 482 2720 Poll.
509 2695 542 2727 5,
564 2694 619 2727 ες.
638 2681 876 2718 collaborare,
911 2692 968 2726 ap.
989 2681 1037 2717 G.
1053 2680 1128 2715 Th.
1150 2679 1225 2716 sine
1249 2680 1313 2716 Gr.
1333 2692 1370 2718 et
1390 2682 1484 2716 bona
1507 2680 1633 2716 aufto·
1675 2679 1678 2683 ’

112 2738 244 2778 ritate,
279 2734 359 2771 lnd.
381 2735 491 2770 Dem-
511 2734 605 2769 Xen.
626 2734 711 2778 Cyr.
732 2731 774 2766 Ζ.
795 2740 832 2765 et
852 2730 937 2765 Luc.
960 2741 1044 2764 cum
1059 2728 1156 2765 Suid.
1174 2743 1208 2771 2,
1229 2735 1309 2773 650.
1328 2730 1372 2768 i..
1402 2729 1631 2766 nihilferenz

111 2787 213 2825 tibus
230 2787 310 2833 Stp,
329 2793 369 2821 et
386 2784 436 2824 G.
455 2782 529 2820 Th.
548 2782 593 2819 ad
612 2788 676 2819 τῶν
692 2795 725 2818 κ.
745 2785 828 2827 &ex-
841 2799 852 2817 2
879 2777 943 2815 ubi
955 2777 1088 2815 Noster
1109 2779 1152 2815 ad
1170 2779 1312 2828 analog.
1332 2779 1458 2816 saltem
1477 2777 1630 2826 scripsea

1715 3018 1722 3086 ..A-.-
