1717 3082
130 82 410 132 LmERlv.
435 66 1039 147 oAP.v111.A.v.c.958.
1064 91 1414 150 CHR.N.215.
1486 107 1549 153 91
1569 110 1589 142 1

55 198 275 268 μέγεθος
337 198 520 266 σώματι
587 204 790 266 γενναίων
817 215 835 237 ²
873 209 1116 258 admodum
1171 210 1354 261 staturae
1406 231 1598 281 corpore

869 287 1119 347 ingentium
1149 288 1354 337 laborum
1393 294 1598 340 exercita·

870 363 932 408 tio
960 374 1092 411 tanta.

129 442 254 494 Ἐπεὶ
277 436 327 492 δὲ
346 439 410 492 ταὶ
433 441 566 511 maed
580 454 598 478 ³
620 444 684 508 ’τῷ
704 439 834 512 ''Ia-eqo
927 454 1010 501 Sed
1025 455 1101 503 ubi
1115 474 1209 504 rem
1226 458 1462 508 militarem
1477 463 1598 528 apud

72 515 347 589 ςςατὸπεὸα
375 513 586 585 διῴκησε,
627 519 839 574 κατῆλθέ
872 531 1131 579 Danubium
1160 536 1393 595 ordinavit,
1422 537 1599 588 discessit

73 616 125 645 τε
155 597 179 631 b
211 600 271 651 εἰς
298 593 478 666 Θςςῖκην
508 607 552 658 0,
590 591 836 646 Μακεδόσι
873 606 917 651 in
977 607 1216 657 Thraciam
1271 613 1596 664 Macedonibus

74 322 217 374 πόνων
248 317 447 379 ἄσκησις
477 317 696 380 τοο-αὕτη.

161 729 193 765 z)
218 729 283 761 Ms.
301 727 356 759 Vi.
376 732 428 759 καὶ
445 728 536 759 πόνων
553 727 654 760 reae.
674 728 746 760 Loc.
768 729 869 760 etiam
887 732 950 763 Ms.
971 731 1022 763 Ba.
1043 731 1098 765 sed
1116 734 1180 767 Ms.
1198 735 1260 768 Ve.
1280 743 1432 777 γενναίων,
1455 745 1506 773 καὶ
1529 754 1595 778 πον.

67 768 249 805 inter-icen»
268 781 458 810 commate,
480 783 514 803 v.
535 772 580 804 N.
649 775 678 811 a)
705 776 786 807 Mss.
810 775 865 805 Ba.
887 785 921 806 et
938 777 991 808 vi.
1012 782 1052 809 πὶ
1077 781 1144 822 '‘⁷²4‘'
1161 781 1241 821 “5⁷23
1260 795 1305 825 ³4⁷·
1326 783 1381 815 sed
1404 787 1471 828 ’¹⁵2²
1488 788 1540 819 ιΑ,
1558 796 1596 821 2.

70 828 151 851 cum
169 818 221 850 Bs.
241 827 274 852 1.
298 827 333 850 v.
351 818 400 850 N.
470 818 505 858 b)
538 819 569 851 53
595 824 666 854 Pat.
690 829 725 851 v.
748 820 793 853 N.
865 824 900 858 c)
927 822 1004 854 Sine
1027 823 1099 856 iota
1116 828 1171 856 fis.
1191 835 1222 859 2.
1242 827 1283 859 al.
1300 829 1342 860 cf.
1363 836 1395 872 3,
1414 839 1444 867 1,
1466 839 1522 865 ιο.

69 928 152 969 Bos
168 958 176 974 ,
201 930 251 968 ef.
278 932 362 969 Ind.
380 931 464 968 Ael.
485 932 535 968 V.
556 932 616 974 h.,
643 931 756 969 falsos
772 934 846 980 'per
870 945 1045 972 numeros
1065 937 1188 975 Nostri
1216 939 1341 978 locum
1370 942 1593 989 proferente

70 983 142 1018 Hs.
161 981 205 1017 ad
228 983 322 1018 l'lut.
344 994 381 1028 p.
404 994 438 1026 9.
460 995 514 1023 e.‚
548 980 611 1018 ubi
631 983 695 1030 Bg.
717 983 763 1018 de
795 982 862 1019 suo
890 984 993 1020 addit
1020 999 1127 1033 pron.
1150 996 1183 1024 τὶ
1213 991 1257 1026 ad
1284 991 1355 1026 adi.
1379 995 1459 1037 ἄξῃ
1485 995 1594 1040 quod

60 1042 268 1073 neutrum,
295 1033 501 1068 cohaerens
529 1044 615 1068 cum
636 1031 743 1068 subst.
766 1031 817 1080 sq.
838 1033 924 1069 fem.
943 1039 1020 1071 ἆσκ.
1036 1059 1047 1076 ,
1073 1036 1164 1073 facit
1190 1050 1307 1084 genus
1335 1040 1516 1089 synthesis
1545 1056 1594 1081 ex

70 1079 190 1128 eliipfi
217 1080 325 1118 subst.
345 1090 484 1128 χρῆμα,
515 1080 563 1116 cf.
584 1082 624 1117 L.
639 1083 723 1122 Bos.
743 1095 780 1130 p.
805 1087 888 1129 368.
907 1096 940 1120 e.
971 1096 1053 1121 cum
1071 1087 1163 1123 Poff.
1184 1090 1247 1136 Sy.
1274 1102 1311 1136 p.
1336 1101 1366 1131 s.
1389 1104 1422 1127 e.
1442 1092 1485 1129 it.
1505 1092 1593 1143 Vig.

57 1156 60 1157 ν
101 1157 110 1166 .
131 1134 191 1167 6ι.

70 1143 96 1178 p
120 1186 276 1225 ’γενναίων
295 1181 386 1226 που.)
413 1182 552 1216 Vener.
574 1195 661 1225 γενν.
687 1188 742 1218 καὶ
772 1178 890 1219 πόνων.
909 1183 1045 1220 Stroth.
1073 1185 1136 1234 qui
1168 1187 1261 1224 etin
1284 1189 1333 1227 N.
1357 1188 1402 1224 ad
1428 1191 1515 1227 Chr.
1543 1191 1594 1230 fic

69 1230 193 1272 nude,
222 1229 295 1266 sine
314 1229 414 1273 crisi,
441 1231 530 1266 dum
550 1230 700 1266 illustris
719 1232 868 1268 Loceh'a
888 1233 926 1269 in
945 1234 1030 1270 Var.
1047 1237 1086 1272 L.
1109 1235 1235 1272 saltem
1255 1238 1424 1275 universe
1445 1242 1592 1287 probat,

69 1279 179 1316 cuius
201 1278 403 1322 novitatis,
438 1280 478 1315 in
508 1278 639 1315 addito
661 1288 716 1317 καὶ
746 1281 845 1317 intra
872 1282 974 1319 subst,
996 1294 1035 1320 et
1058 1284 1148 1326 adi„
1179 1286 1322 1323 nullum
1347 1289 1523 1337 vestigum
1542 1291 1594 1327 est

70 1328 226 1377 quidem
250 1329 290 1365 in
311 1330 348 1365 P.
363 1355 373 1372 ‚
399 1328 640 1365 dissentiente
659 1342 812 1378 quoque
833 1333 904 1368 Ms.
925 1334 991 1368 Ve.
1005 1357 1015 1373 ‚
1043 1346 1113 1370 nec
1128 1334 1235 1371 facile
1258 1337 1373 1384 elapsa
1395 1337 1454 1375 ista
1482 1352 1592 1382 voce.

67 1379 135 1416 sed
155 1378 264 1425 (dum
286 1391 354 1425 pro
377 1380 510 1425 copula
528 1391 609 1415 non
631 1378 700 1415 ess'e
720 1382 825 1416 locus
847 1381 907 1416 hic
925 1382 1043 1429 potest
1065 1383 1140 1425 illi,
1166 1383 1231 1420 nifi
1250 1386 1454 1435 hendiadys
1474 1388 1593 1427 suma-

67 1441 155 1471 tur,
180 1428 219 1464 in
237 1428 309 1465 adi.
332 1440 371 1465 et
397 1428 523 1469 subst.‚
552 1440 616 1464 aut
645 1444 732 1473 γενν.
757 1443 824 1477 pro
847 1444 981 1467 neutro
1002 1443 1041 1468 et
1069 1433 1197 1477 subst.‚
1223 1435 1283 1470 hic
1303 1436 1423 1482 posito
1447 1437 1520 1475 sine
1535 1451 1592 1475 ar-

69 1479 134 1515 tic.
149 1504 160 1521 ,
186 1490 354 1526 quocum
385 1477 491 1523 supra
510 1477 710 1524 aliquoties
732 1491 834 1520 erat,
863 1494 901 1517 et
925 1483 1017 1528 plur.
1040 1495 1108 1529 pro
1137 1483 1226 1531 sing.
1248 1497 1287 1521 et
1308 1487 1592 1533 Lat.fortitudo

69 1528 98 1566 f.
117 1529 250 1569 robur,
277 1538 343 1564 aut
364 1527 532 1574 proprie,
561 1527 734 1575 suppleto
753 1529 855 1566 subst.
879 1530 1026 1578 aliquo,
1053 1528 1162 1578 ἔργων
1180 1534 1204 1570 s.
1226 1542 1457 1581 πραγμάτων,
1481 1537 1594 1575 forti-

68 1590 135 1614 um
156 1587 319 1627 operum,
346 1577 396 1613 cf.
413 1590 446 1618 2,
464 1587 519 1620 14.
540 1586 569 1621 3·
591 1589 629 1614 et
648 1579 735 1614 Luc·
759 1590 885 1626 1‚594.
906 1580 930 1616 1.
945 1585 1005 1616 60.
1028 1588 1167 1625 γενναῖά
1185 1598 1245 1620 σου
1265 1587 1409 1631 ταῦταῆ
1437 1598 1490 1629 ut,
1517 1600 1590 1635 pro

62 1628 200 1668 etiam,
233 1626 340 1664 sensu
363 1625 609 1667 intendendi,
637 1638 706 1673 pro
726 1629 839 1664 etiam
860 1629 977 1671 adeo,
1003 1631 1249 1678 accipientes,
1274 1633 1384 1670 facile
1402 1646 1590 1674 careamus

53 1677 137 1714 ⁴isto
158 1675 442 1717 additamento,
466 1687 546 1711 non
573 1688 672 1717 tarn,
700 1677 805 1724 quod
825 1691 904 1715 non
923 1680 990 1716 stat
1011 1680 1110 1716 resto
1127 1683 1212 1718 loco
1233 1682 1312 1725 sue,
1339 1695 1404 1730 pro
1422 1692 1477 1722 καὶ
1497 1700 1587 1731 yenit.

16 1754 20 1757 .
64 1739 139 1764 πον.
153 1751 165 1768 ,
191 1737 300 1772 quarn
323 1725 472 1772 potius,
498 1725 679 1772 quoniam
695 1726 822 1763 sensus
841 1740 1042 1766 contextus
1061 1743 1134 1778 que
1152 1741 1192 1766 et
1209 1731 1418 1779 oppositum
1440 1751 1534 1781 μικρ.
1553 1751 1587 1772 τ.

16 1779 29 1784 ”
64 1790 147 1821 μεγ.
171 1774 286 1824 magis
307 1773 457 1810 videtur
477 1775 668 1821 requirere
690 1775 774 1812 adv.
795 1774 885 1821 ὅμως
906 1779 965 1814 vel
989 1778 1124 1822 fimi1e;
1152 1779 1218 1816 nisi
1242 1781 1312 1817 tale
1326 1782 1405 1817 adv,
1417 1782 1589 1831 suppleas

62 1824 112 1861 od
133 1824 227 1861 illud
245 1824 360 1866 Mss.,
393 1835 460 1869 pro
479 1834 598 1860 tamen
618 1826 749 1866 etiam,
776 1839 862 1862 cum
881 1828 966 1864 sane
993 1830 1174 1878 ambigas,
1202 1830 1300 1866 unde
1327 1829 1496 1869 librarius
1525 1833 1589 1869 ad-

65 1873 228 1915 diderit,
254 1872 322 1910 nisi
348 1873 530 1919 reperiret
557 1872 595 1909 in
620 1874 880 1922 Cod.aliquo;
907 1877 971 1913 etsi
1003 1878 1106 1924 supra
1136 1879 1245 1915 etiam
1274 1880 1311 1915 in
1338 1881 1429 1919 Mss.
1451 1882 1588 1921 nostris

55 1931 121 1968 ,καὶ
143 1923 322 1960 insertum
341 1933 426 1958 cum
452 1922 664 1970 suspicione
689 1937 825 1972 operae
848 1926 1009 1969 athenae,
1035 1927 1082 1964 cf.
1106 1938 1138 1974 3,
1168 1940 1222 1973 ις,
1249 1938 1305 1974 13.
1333 1942 1368 1972 2,
1390 1935 1426 1971 6,
1452 1935 1510 1968 16.

113 1994 161 2026 τὰ
188 1989 309 2034 παρὰ)
342 1990 383 2025 In
412 1990 493 2034 Stp.
514 1987 658 2025 collest.
686 1990 820 2038 Script.
854 1992 945 2028 Hist.
973 1994 1082 2030 Rom.
1114 2006 1305 2040 perperam
1332 1992 1468 2041 legitur
1495 2004 1585 2043 περὶ.

60 2039 201 2076 Stroth.
224 2037 290 2085 qui
310 2048 351 2073 et
373 2038 411 2074 in
436 2039 484 2075 N.
499 2039 583 2074 Chr.
621 2048 722 2086 „vi-sq)
742 2041 859 2088 Lugd.
882 2055 961 2078 non
984 2043 1110 2079 refiess
1136 2042 1260 2089 quod,
1284 2054 1363 2078 non
1392 2055 1585 2090 repertum

63 2087 157 2126 mihi
176 2088 216 2124 in
236 2087 294 2125 ed.
314 2089 433 2137 Lugd.
457 2100 549 2129 mea,
576 2089 693 2125 sedin
719 2089 762 2125 al.
784 2090 890 2132 edd„
915 2091 1126 2128 hauddubie
1148 2092 1196 2127 est
1216 2105 1233 2126 a
1253 2091 1346 2128 vitio
1371 2105 1583 2139 operarum,

61 2137 132 2183 (cf.
157 2146 189 2182 3,
214 2150 245 2178 2,
272 2140 346 2181 11.)
375 2148 416 2174 ut
433 2149 491 2172 res
511 2138 598 2173 Mss.
622 2139 665 2174 ab
683 2152 811 2174 errore
831 2140 970 2176 librarii
991 2141 1169 2183 alicuius,
1195 2141 1318 2177 forsan
1339 2153 1420 2177 cum
1442 2142 1486 2177 ab
1507 2142 1584 2181 ini.

62 2186 121 2224 tio
142 2186 299 2223 dedisset
326 2185 401 2223 sine
420 2186 521 2222 artic.
544 2187 625 2234 παρ’
643 2187 760 2236 ἰς-ρῳ,
786 2201 831 2225 ur
854 2190 938 2226 alibi
961 2190 1068 2237 saepe
1093 2201 1215 2226 tentat
1234 2190 1451 2233 articulum3
1480 2193 1585 2231 unde

60 2235 208 2273 facilior
224 2234 560 2272 deinde.c0nfufio
581 2238 856 2274 elementorum
877 2239 989 2276 trium
1014 2249 1083 2285 153.
1102 2240 1141 2275 in
1168 2255 1252 2280 αυτ,
1277 2250 1435 2275 tenente
1451 2240 1586 2280 1εᾶἰο-

61 2297 150 2322 nem
169 2287 266 2334 vulg.
284 2285 381 2322 reste
396 2297 479 2321 cum
501 2288 535 2321 P.
558 2286 670 2322 etiam
692 2289 764 2323 Ms.
790 2288 855 2323 Vc.
870 2312 881 2330 ‚
909 2300 993 2324 curn
1021 2288 1081 2324 illa
1109 2289 1172 2325 rel.
1199 2291 1286 2324 Mss.
1311 2288 1408 2324 nihil
1434 2290 1582 2333 habear,

60 2347 139 2380 quo
159 2334 364 2376 referatur,
391 2334 452 2371 sed
478 2334 610 2372 Noster
626 2336 797 2382 respiciat
814 2336 998 2383 superiora
1019 2354 1054 2383 4»
1072 2349 1107 2380 7,
1129 2351 1160 2372 2.
1187 2342 1237 2374 ἐπὶ
1265 2341 1342 2379 ταῖς
1364 2334 1490 2382 ὄχθαις
1519 2344 1584 2379 τοῦ

40 2422 43 2425 ,
61 2380 190 2431 ''Is-qam
215 2396 290 2431 quo
314 2383 412 2420 redit
434 2385 513 2430 post
533 2384 808 2426 excursionem3
837 2386 875 2421 in
892 2392 937 2423 τὰ
956 2401 1008 2430 ςς.
1026 2399 1104 2421 non
1124 2386 1207 2421 satis
1227 2388 1322 2422 bene
1339 2389 1373 2423 P.
1389 2388 1582 2428 deserente

58 2435 152 2481 Bg..
176 2431 275 2480 quasi
298 2432 368 2469 sint
394 2432 456 2469 issa
481 2447 518 2480 4.
540 2445 575 2477 7,
597 2446 625 2470 ι.
648 2447 678 2471 e.
707 2441 754 2472 τὰ
784 2440 815 2472 ἐν
843 2440 915 2477 τοῖς
944 2438 1179 2480 ςςατοπέδοις,
1209 2437 1297 2471 dum
1322 2438 1584 2484 procedebant

55 2481 182 2521 severa
201 2484 382 2518 exercitus
403 2481 426 2517 s.
449 2483 579 2534 castra.

107 2537 280 2581 κατῆλθε)
308 2537 400 2572 Non
421 2536 713 2582 copulamissam
735 2537 874 2573 advers.
896 2536 1076 2574 editionis
1095 2537 1195 2578 Pan,
1221 2539 1436 2579 hauddubie
1453 2557 1498 2582 ex
1518 2547 1581 2584 in.

56 2583 157 2621 curia
177 2597 375 2631 operarum
399 2597 531 2626 ortam,
559 2586 619 2622 sed
645 2587 829 2633 vulgatam
851 2587 1021 2633 agnoscit
1040 2589 1090 2628 P„
1119 2588 1207 2622 dum
1228 2591 1291 2636 b'g.
1308 2601 1438 2627 contra
1458 2607 1581 2633 remo-

53 2643 120 2670 vet
148 2634 304 2669 eandem
322 2633 360 2670 in
383 2637 590 2671 membrum
618 2635 669 2683 sq.
692 2634 864 2674 liberius.
893 2635 954 2670 hic
976 2635 1046 2670 iam
1067 2635 1236 2672 instituta
1257 2639 1420 2684 apodofi,
1443 2654 1539 2689 quae
1558 2658 1581 2682 e

49 2683 152 2730 vulg.
169 2681 249 2718 lest.
271 2683 351 2730 post
376 2699 480 2727 γειτν.
502 2685 653 2719 demum
675 2683 819 2728 incipit,
868 2684 939 2718 Sed
960 2683 997 2718 in
1020 2696 1053 2718 v,
1075 2700 1153 2720 κκτ.
1177 2687 1238 2734 83.
1257 2699 1277 2724 e
1298 2689 1336 2725 P.
1357 2689 1469 2728 aliter
1488 2705 1577 2742 que,

47 2742 161 2780 quam
179 2744 214 2776 2,
237 2729 294 2780 14,
315 2745 348 2770 ι.
371 2746 427 2776 e.‚
457 2733 623 2781 quotum
645 2733 804 2771 variatur
827 2745 891 2780 per
911 2731 992 2780 syn.
1013 2745 1142 2781 praep.
