1722 3086
127 33 238 112 906
293 52 470 100 LIBER
489 53 569 100 1v.
613 31 858 102 meva.
888 53 1601 114 A.v.c.966.CHR.N.213:

119 167 220 241 γσὶξ
257 167 444 226 dado-ac
484 170 538 242 ’τῇ
571 170 737 220 ἑαυτοῦ
766 170 892 240 χειρὶ,
929 178 1052 225 enim
1077 178 1236 225 molito
1258 179 1329 226 sua
1353 195 1504 238 manu,
1525 195 1670 244 quan-

119 245 142 298 ὂ
170 246 288 318 ἥξκει
316 246 461 315 μένῳ,
498 243 663 317 μοί-ζαν
695 246 742 299 τὲ
773 246 893 304 ποινὶ-
929 265 1027 302 tum
1059 255 1156 303 satis
1177 268 1274 303 erat
1297 254 1375 304 fibi
1399 256 1501 314 soli,
1532 251 1670 305 mass‘a

117 411 199 438 tem
222 412 283 437 me
301 397 460 448 quidem
482 400 700 448 reperiente
719 398 814 450 quid
838 400 878 438 in
904 401 972 439 Gr.
995 397 1032 445 ὃς
1062 414 1131 451 pro
1155 403 1255 446 ὅσος,
1284 401 1347 440 sed
1368 413 1515 441 tantum
1533 415 1590 451 ap.
1611 403 1664 441 G.

116 451 193 488 Th.
217 449 258 488 in
280 450 363 487 Lat.
387 452 484 500 quod
510 463 566 496 55,
587 464 616 488 e.
638 452 714 500 sq.‚
742 464 811 500 pro
841 466 918 500 quo
939 464 1078 490 neutro
1100 465 1230 492 textU5
1260 455 1341 503 Stp.
1363 454 1439 490 Th.
1465 465 1499 495 1,
1521 456 1601 500 536.
1623 455 1665 490 B.

117 514 154 538 v.
173 506 254 548 ἀμ.
280 499 373 537 hinc
404 500 478 538 line
501 503 563 538 Vs.
585 500 694 538 affert
721 507 847 542 υσῒτον
876 518 911 548 γ.
937 508 995 541 ἀλ.
1023 520 1056 540 τ.
1084 503 1115 541 ἐ.
1146 521 1185 550 χ.
1206 502 1240 548 ὃς
1266 503 1300 548 n'·
1325 512 1393 551 μ.“
1416 503 1521 553 quod
1544 514 1664 552 genus

115 552 229 590 masc·
258 550 323 588 hic
348 551 578 599 respicienti,
617 564 743 590 tamen
768 554 903 590 debuit
931 552 1061 590 eadem
1094 554 1179 597 illa,
1221 567 1318 603 quae
1343 565 1432 592 ante
1458 551 1687 601 posuimus„

115 614 250 640 mente
279 600 477 650 supplere,
497 603 688 651 frumenti
715 604 866 641 molens
891 613 1057 648 tantum,
1080 615 1253 642 meantum
1281 606 1346 642 rel.
1397 606 1472 642 Sed
1503 617 1545 642 ut
1564 603 1667 643 reste.

113 653 212 690 fecit
233 652 287 694 is,
310 652 399 690 dum
421 651 485 688 hic
505 666 721 702 pronomen
745 666 827 690 non
849 655 1033 691 tentavit:
1061 648 1109 692 fi‘c
1139 659 1371 704 (quanquam
1396 654 1520 693 facilis
1550 666 1589 691 et
1607 653 1666 691 so-

115 702 246 741 lennis
266 702 452 751 estlapsus
474 703 513 740 in
539 704 675 741 litteris
694 722 709 741 ν
728 716 767 741 et
787 722 826 747 v,
858 717 896 742 et
915 717 1096 743 accentus
1116 706 1349 744 arbritrarius
1371 706 1502 743 venire
1522 704 1665 754 potuit,

115 767 203 791 cum
226 752 322 790 olim
353 766 433 790 non
466 754 556 791 ell'et
578 754 753 797 additus,
775 755 822 792 cf.
846 769 878 798 2,
901 767 959 800 ις,
981 760 1030 799 8.)
1061 768 1218 804 propter
1239 757 1467 794 vocabulum
1487 754 1665 793 neutrius

113 804 244 847 sexus,
268 814 309 841 et
326 804 483 852 quidem
505 804 543 841 in
572 805 743 853 lingulati
765 818 950 847 numero,
976 809 1149 844 nondum
1172 808 1348 844 tentarim
1371 819 1442 858 ego
1463 804 1665 843 lectionem

113 867 306 897 veterem,
334 855 421 903 quia
448 855 583 892 Noster
612 856 725 892 habet
745 857 813 893 alia
845 856 958 905 etiam
981 856 1207 905 peculiaria,
1233 870 1274 894 et
1292 856 1378 907 quia
1406 856 1474 894 iste
1495 856 1604 894 sexus
1622 866 1663 892 et

111 917 297 943 numerus
316 904 484 952 reliquus
509 907 556 942 est
575 905 696 942 adhuc
716 905 844 944 saltem
864 907 938 944 alio
959 907 1081 948 sensu.
1109 921 1177 955 pro
1197 908 1313 950 cibus,
1339 908 1391 944 cf.
1412 906 1661 946 Iud-Xen.Z.‚

111 958 204 1006 Cyr.
223 955 316 1002 Ἀνβ,
335 966 376 993 et
403 957 458 992 Μ.
478 958 513 994 S.
540 955 619 1002 (cui
642 956 726 994 add.
751 970 783 997 2.
808 970 839 1001 1,
865 960 940 1005 ¹3-)
972 957 1014 994 it.
1041 959 1141 996 Harl.
1165 959 1253 998 Chr.
1273 970 1314 996 ct
1337 957 1479 1000 Hesd.,
1506 968 1590 994 tum
1611 955 1659 992 ad

110 1007 203 1045 Eur.
224 1006 311 1043 Hel.
334 1019 370 1044 v.
392 1019 476 1053 427.
494 1008 620 1044 Schol.
644 1020 732 1044 cum
753 1009 860 1045 Barn.
881 1018 921 1044 ct
941 1008 987 1044 ad
1009 1009 1130 1046 Thuc.
1155 1021 1236 1056 145,
1256 1013 1314 1056 64.
1335 1008 1463 1046 Schol.
1482 1008 1544 1045 sed
1565 1019 1662 1044 con-

109 1068 170 1096 tra
195 1057 300 1094 hunc
319 1059 466 1094 Annot.
498 1058 546 1094 ib.
569 1071 606 1106 p.
628 1061 713 1105 634.
733 1071 765 1094 a.
788 1072 844 1102 e.,
872 1072 987 1106 porro
1011 1072 1078 1107 per
1105 1057 1249 1096 varium
1272 1071 1471 1098 accentum
1498 1058 1538 1095 in
1560 1057 1662 1105 plut-

107 1113 193 1147 σιτὲ
213 1107 294 1145 lnd.
314 1107 368 1144 Fi.
388 1106 520 1145 Aesch.
535 1134 547 1150 ,
574 1107 637 1145 sed
653 1114 738 1146 cira
758 1122 815 1157 ap.
840 1109 955 1158 Hesy.
975 1109 1051 1147 fine
1071 1110 1119 1147 N.
1133 1135 1145 1153 ,
1171 1122 1209 1147 at
1232 1114 1319 1149 σῖτα
1339 1123 1395 1158 ap.
1414 1108 1520 1147 Suid.
1540 1105 1658 1145 Diod.

107 1159 144 1196 S.
172 1170 202 1201 r,
228 1169 312 1204 5¹0·
339 1158 367 1195 l.
388 1162 447 1201 76.
466 1170 505 1195 et
530 1171 584 1194 ιι.
615 1157 658 1196 it.
681 1161 779 1196 Xen.
807 1158 900 1204 Ἀνβ.
927 1173 965 1205 7,
989 1173 1021 1203 r,
1046 1170 1102 1208 33.
1127 1171 1184 1206 35.
1213 1162 1303 1208 Cyr.
1325 1161 1462 1198 Herdt.
1481 1171 1521 1197 et
1540 1158 1665 1196 Dion.

107 1210 161 1246 H.
184 1211 220 1246 S.
241 1209 290 1244 T.
312 1220 344 1244 1.
371 1207 413 1246 it.
436 1207 514 1246 fine
535 1208 640 1247 artic.
661 1211 722 1247 Rs.
745 1211 812 1247 Or.
835 1213 878 1247 V.
904 1226 937 1256 4.
960 1225 994 1255 7.
1015 1211 1060 1249 Is.
1079 1212 1258 1260 Theogn.
1283 1213 1399 1248 Hom.
1421 1223 1508 1247 cum
1539 1210 1589 1248 N.
1611 1206 1659 1244 ad

108 1258 182 1300 ’03-
208 1254 259 1300 π’,
288 1268 373 1306 83.‚
398 1258 461 1295 sed
480 1260 527 1295 de
547 1259 655 1295 masc.
682 1263 777 1303 σῖτος
799 1273 856 1309 ap.
882 1261 997 1310 Hesy.
1026 1262 1070 1298 Z.
1089 1263 1188 1298 Xen.
1211 1261 1295 1299 Pol.
1319 1263 1382 1300 Rs.
1402 1263 1472 1298 Or.
1497 1262 1542 1296 V.
1566 1263 1602 1296 6.
1622 1266 1659 1299 8.

107 1310 198 1358 Lyc.
220 1310 334 1347 Dem.
352 1311 411 1346 Fa.
432 1313 520 1347 Aes.
543 1309 585 1345 it.
605 1311 697 1346 [υς.
718 1319 754 1356 32
769 1323 852 1354 252.
876 1312 900 1347 l.
922 1326 956 1355 4.
977 1314 1342 1356 ἐλέγετο-τοσοῦτον
1362 1309 1460 1358 ἄγειν
1481 1314 1588 1353 σῖτον,
1610 1312 1658 1352 ὧς

105 1365 224 1398 ἱκανὸν
250 1356 330 1398 εἶναι
358 1362 447 1398 πᾶσι
468 1373 500 1398 Λ.
529 1359 724 1398 dicebatur
753 1370 897 1397 tantam
925 1361 1110 1399 frumenti
1131 1362 1207 1398 vim
1227 1362 1386 1403 vehere,
1413 1374 1504 1411 quae
1531 1357 1657 1397 omni·

108 1410 180 1448 bus
196 1407 453 1456 —sufflce7·et‚
490 1409 554 1447 sed
583 1411 681 1448 Xen.
706 1412 762 1450 M.
792 1413 831 1448 S.
867 1424 898 1456 1,
921 1421 955 1457 32
976 1425 1007 1458 ς.
1035 1417 1122 1458 σίτῳ
1139 1432 1174 1441 -
1205 1416 1364 1458 τοσούτῳ
1398 1416 1549 1459 ἐχρῆτο,
1575 1408 1656 1448 ὅσοι

103 1464 212 1504 ἡδέως
241 1459 367 1505 ἔσθιε,
394 1459 563 1509 denique
589 1460 698 1499 suid.
720 1462 827 1499 Foes.
848 1463 891 1500 L.
914 1462 965 1498 N.
983 1463 1033 1501 T.
1054 1464 1145 1500 Krb.
1165 1474 1203 1499 et
1229 1461 1309 1498 lnd.
1336 1463 1463 1511 Geop.
1485 1474 1574 1499 cum
1601 1460 1655 1497 N.

104 1523 180 1561 pro
204 1510 398 1552 triticum.
424 1523 497 1560 qua
525 1511 693 1548 notione
725 1513 778 1561 ssg
808 1526 829 1549 e
849 1513 889 1548 P.
912 1511 1057 1556 servat,
1084 1512 1149 1550 sed
1169 1525 1214 1550 ut
1233 1512 1294 1548 vel
1314 1510 1373 1556 lie,
1403 1523 1442 1549 et
1463 1524 1531 1559 per
1555 1509 1655 1550 obli·

105 1573 220 1609 quam
241 1575 287 1600 ex
313 1562 453 1600 eodem
479 1562 517 1599 Ρ.
544 1562 733 1602 rationem
754 1563 793 1598 in
816 1561 969 1601 reddito
992 1576 1026 1599 v.
1048 1567 1132 1605 Zaa„
1157 1563 1350 1599 incertum
1369 1561 1414 1600 fit
1433 1562 1576 1603 adhuc.
1603 1574 1653 1600 an

102 1612 187 1660 Stp.
204 1612 462 1651 comesturam
483 1611 682 1654 maluerit,
708 1624 795 1649 cum
818 1626 889 1649 nec
918 1612 1056 1650 laudati
1087 1625 1198 1650 antea
1218 1612 1347 1650 sexum
1373 1625 1523 1650 certum
1543 1624 1655 1649 voca·

105 1661 183 1700 buli
213 1664 255 1703 in
273 1663 341 1700 hac
368 1663 535 1704 notione
565 1661 819 1710 prodiderint.
890 1663 964 1700 Sed
990 1663 1029 1699 in
1051 1664 1150 1706 Ms.‚
1190 1674 1339 1711 praeter
1363 1662 1587 1700 consensum
1610 1662 1652 1703 in

101 1723 179 1750 vet.
195 1713 361 1752 lectione
379 1713 483 1751 subst.
507 1728 600 1755 σιτ.,
621 1713 698 1753 duo
721 1714 830 1756 sunt,
859 1714 1047 1763 primum,
1074 1726 1144 1762 pro
1166 1712 1284 1759 simpl.
1303 1718 1398 1760 γὰρ,
1422 1711 1592 1751 additum
1611 1716 1663 1752 τί

102 1761 270 1809 iterum,
296 1776 342 1803 ut
370 1764 443 1802 iam
474 1762 531 1801 bis
559 1776 591 1802 ιι
615 1775 673 1806 ιο,
689 1778 723 1811 4.
754 1774 787 1811 3,
809 1774 842 1812 3,
867 1776 952 1806 ια,
976 1763 1039 1801 hic
1064 1775 1199 1801 contra
1227 1764 1269 1800 P.
1291 1775 1331 1800 et
1350 1764 1444 1802 Mss.
1467 1764 1556 1805 rel„
1586 1762 1650 1800 sed

101 1813 186 1863 sqq..
204 1821 245 1855 τέ
266 1827 305 1853 et
322 1813 377 1859 καὶ
395 1815 435 1851 in
455 1812 633 1853 membris
651 1813 832 1852 fimilibus
849 1829 870 1852 e
886 1814 1060 1862 particip.
1115 1815 1286 1853 Alterum
1308 1814 1348 1850 in
1369 1814 1438 1851 alia
1456 1811 1653 1862 participii

100 1864 225 1903 forma
242 1871 301 1905 ἀλ.
325 1864 448 1914 potest
471 1863 542 1901 csse
565 1864 705 1901 librarii
731 1865 791 1902 vel
815 1864 965 1914 lapsus,
992 1867 1102 1910 (dum
1129 1863 1423 1904 confunduntur
1452 1865 1559 1912 saepe
1578 1876 1648 1900 νο-

102 1916 202 1955 cales
233 1934 252 1961 n
274 1927 315 1954 et
334 1932 370 1958 ε,
396 1914 446 1952 cf.
467 1914 526 1952 Fi.
552 1915 598 1951 ad
620 1916 731 1953 Well.
757 1928 794 1964 p.
816 1928 847 1960 9.
868 1917 934 1961 m.)
962 1916 1021 1952 vel
1052 1915 1255 1958 correffio,
1283 1915 1391 1965 quia,
1418 1927 1580 1964 putans,
1606 1911 1647 1950 id

101 1964 174 2009 effe
195 1966 240 2004 ab
258 1962 427 2011 ἀλήθει’,
453 1978 541 2002 cum
560 1967 751 2004 veteribus
769 1977 844 2015 que
864 1965 1129 2004 Grammaticis
1149 1966 1221 2002 hoc
1238 1964 1463 2013 repudians,
1489 1965 1650 2002 alteram

99 2015 266 2058 formam
295 2018 341 2054 ab
359 2021 449 2054 ὰλὲω
481 2014 734 2058 substituerit,
759 2016 955 2063 probatam
985 2016 1089 2053 illam
1120 2015 1218 2058 istis,
1242 2015 1290 2052 cf.
1313 2016 1388 2052 Th.
1405 2017 1505 2065 Mag.
1527 2028 1566 2065 p.
1588 2025 1649 2063 3¹-

101 2068 225 2107 Moer.
250 2080 286 2116 p.
311 2078 365 2111 17.
389 2079 476 2103 cum
500 2067 639 2109 Nott.,
664 2066 720 2103 Fi.
742 2067 838 2104 The.
862 2067 949 2104 Luc.
971 2079 1010 2105 et
1024 2067 1107 2104 Ael.
1135 2068 1182 2102 V.
1206 2067 1245 2102 h.
1267 2065 1330 2113 (ad
1349 2078 1464 2115 quem
1487 2079 1522 2109 7,
1542 2079 1577 2112 4.
1589 2067 1645 2104 N.

101 2130 137 2156 2.
156 2117 350 2169 profertur
372 2116 450 2165 syn.
474 2114 611 2164 phrasis
633 2128 655 2153 e
673 2117 768 2154 Plut.
791 2122 880 2155 ἁλῶν
897 2123 944 2155 τὰ
963 2118 1088 2163 carta.)
1110 2129 1198 2154 cum
1211 2127 1339 2155 tamen
1357 2127 1397 2153 et
1413 2115 1527 2155 restio
1537 2118 1647 2166 vulg.

98 2170 146 2210 ab
163 2171 303 2207 eodem
324 2168 494 2210 themate
515 2171 607 2205 &2510
628 2179 741 2214 queat
759 2167 867 2209 sumi,
897 2168 1005 2205 cuius
1024 2166 1195 2204 futurum
1218 2166 1331 2208 habet
1350 2179 1549 2216 utramque
1564 2166 1647 2203 for-

97 2231 203 2257 mam
229 2215 300 2262 ἥσω
323 2228 363 2254 et
391 2224 481 2260 ἔσω,
507 2215 554 2252 cf.
579 2217 620 2253 L.
646 2217 738 2256 Ern.
762 2230 846 2256 cum
868 2218 1037 2255 Gramm.
1061 2217 1204 2255 March.
1237 2229 1272 2264 p.
1297 2220 1379 2262 556.
1403 2231 1452 2255 m.
1473 2228 1515 2255 et
1539 2215 1586 2254 ad
1605 2229 1642 2252 v.

97 2268 239 2314 ‘’aan‘sm
257 2282 318 2318 ap.
340 2268 483 2309 Thom.
511 2266 538 2303 l.
557 2266 584 2303 l..
602 2269 819 2317 exemplum
840 2268 926 2305 lnd.
948 2266 1065 2307 Diod.
1096 2269 1129 2303 S.
1144 2293 1156 2312 ι
1182 2267 1345 2304 addente
1363 2269 1427 2318 Bg.
1456 2265 1497 2304 in
1517 2266 1570 2316 sq.
1593 2266 1645 2305 de

95 2321 166 2361 suo
187 2332 320 2361 pron„
341 2317 402 2358 sed
424 2327 585 2355 notante
605 2317 731 2356 Leisn.
751 2317 791 2354 in
819 2331 867 2355 m.
887 2319 959 2355 Ox.
1010 2319 1149 2360 ‚‚Cort.
1173 2317 1219 2358 ad
1243 2317 1331 2354 Sall.
1351 2318 1385 2354 b.
1411 2319 1493 2366 lug.
1522 2329 1556 2354 c.
1575 2330 1640 2364 44,

97 2363 270 2420 p.62'1.‹t
292 2369 358 2407 ubi
371 2369 420 2406 N.
431 2381 464 2405 e.
486 2379 645 2416 »neque
657 2368 884 2412 mirandum,
909 2367 1052 2409 milites
1076 2368 1162 2410 istos
1185 2366 1341 2415 pistores
1359 2380 1400 2406 et
1418 2379 1562 2416 coquos
1579 2367 1642 2403 fu-.

95 2421 183 2462 isse,
220 2432 307 2456 cum
339 2418 386 2455 de
410 2420 504 2454 Ant.
533 2418 740 2461 Caracalla,
772 2418 928 2456 homine
957 2418 1110 2455 militari
1139 2429 1179 2454 et
1208 2416 1389 2463 antiquae
1417 2416 1643 2463 severitatis¹

95 2469 301 2509 tradiderit
323 2468 569 2506 Herodianus
590 2468 618 2506 Ι.
635 2483 670 2514 4.
694 2479 726 2504 e.
749 2481 783 2513 7.
808 2468 903 2515 (line
923 2469 1012 2515 Gr.)
1035 2467 1142 2517 quod
1160 2469 1326 2504 triticum
1348 2467 1410 2505 sua
1429 2481 1538 2505 manu
1557 2480 1643 2505 mo·
1688 2500 1694 2506 .

94 2522 197 2577 lere,
221 2520 366 2571 mqffbm
394 2518 487 2556 inde
508 2519 700 2568 coifi-ere,
728 2517 769 2555 in
787 2520 1006 2557 carbonibus>
1030 2530 1219 2566 coquere,
1245 2529 1280 2555 et
1300 2531 1348 2555 eo
1367 2517 1463 2568 vesci
1482 2517 1640 2556 consue·-

91 2578 237 2608 ventss‘

143 2629 282 2676 μάζαν)
306 2626 384 2664 Hic
405 2625 559 2676 quidem
571 2625 805 2666 constantem
826 2640 848 2664 e
861 2639 915 2676 pt·
927 2625 1114 2665 frumenti
1132 2627 1269 2671 farina,
1290 2638 1330 2666 et
1352 2639 1541 2676 praeterea
1559 2627 1641 2667 for-

92 2680 158 2718 san
184 2691 236 2716 ex>
250 2689 347 2726 aqua
369 2689 409 2715 et
435 2676 533 2720 sale,
558 2686 603 2714 ut
621 2677 710 2715 alias
738 2677 851 2715 etiam
879 2677 969 2715 oleo
991 2677 1014 2715 s.
1037 2677 1151 2721 vino,
1178 2678 1202 2716 s.
1225 2677 1340 2719 laste,
1369 2679 1460 2722 rel.‚
1487 2677 1643 2716 fimilio-

94 2741 176 2770 rem
197 2741 273 2783 que
294 2728 386 2780 pani
398 2754 411 2774 ,
436 2728 505 2777 (ob
525 2738 581 2777 pr.
601 2728 701 2780 ἁςτ.)
725 2739 943 2783 quanquam
961 2729 1008 2767 ab
1028 2728 1103 2770 hoc
1126 2728 1325 2771 interdum
1344 2728 1550 2777 diversam,
1576 2729 1647 2777 cf„
