1722 3086
134 85 238 129 424
276 77 447 120 LIBER
468 77 524 122 Π.
561 77 687 122 CAP.
701 77 818 121 XIII.
853 80 907 123 A.
931 79 984 122 V.
1011 79 1059 125 C.
1084 78 1207 134 946.
1243 80 1383 126 CHR.
1405 81 1469 126 N.
1491 93 1509 125 1
1525 93 1608 139 93.

133 184 444 258 καὶοίτξαπῶν
460 196 487 249 ⁶,
525 188 822 245 ὠςλαθόντες
836 190 888 240 τό
927 197 1175 246 clanculum
1222 201 1267 245 in
1323 198 1456 247 castra
1513 219 1655 267 pene·

135 285 182 314 τε
205 263 223 289 ‘¹
261 260 540 335 ς-ξατέπεὸον
579 265 896 330 ἐπεισέλθοιεν,
935 285 1122 332 trarent‚
1169 277 1272 323 viris
1315 294 1474 335 vacua,
1524 281 1656 327 armis

228 396 262 440 c)
288 396 350 427 Hic
370 397 472 428 coion
493 398 563 439 Stp.
586 398 647 429 rel.
663 419 674 435 ‚
698 408 731 430 et
749 398 828 430 hinc
847 399 1066 441 depravatum
1087 401 1245 443 punfi'tum
1265 401 1298 432 in
1318 402 1378 433 Lu.
1399 411 1432 434 et
1449 402 1502 434 Bc.
1522 413 1554 436 2.
1569 425 1581 441 ,
1604 413 1658 436 re-

134 442 356 473 moventibus
376 443 475 474 nobis
494 454 671 475 numerum
694 445 747 476 Bc.
765 445 818 475 ed.
841 454 949 475 novae
967 450 995 483 ς.
1011 447 1046 477 ln
1069 445 1115 487 sq.
1137 447 1176 476 ad
1194 456 1280 477 extr.
1301 446 1420 488 capitis
1447 449 1659 481 enunciatio-

136 497 227 518 nem.
307 489 340 523 d)
365 489 430 520 MS.
457 490 507 519 Ba·
538 492 594 519 τῶν
615 503 649 521 τε
677 491 861 531 <parenstam
878 492 926 521 In.
956 489 1011 521 sed
1031 490 1093 522 Ms.
1112 493 1174 522 Ve.
1201 496 1258 523 τῶν
1278 494 1460 532 ceu-ronam
1485 495 1535 525 Ῑπ.
1557 504 1592 524 v.
1609 492 1657 525 N..

135 531 228 563 Tum
246 535 314 565 τότε
334 543 399 564 una
418 544 503 564 voce
516 534 582 566 Ox.
595 545 626 567 2.
645 536 826 571 mendose,
848 545 886 566 ut
904 545 937 566 et
950 535 1064 568 Leisn.
1082 538 1123 567 ad
1143 547 1187 569 m.
1207 537 1341 569 monuit
1366 537 1481 576 „lah
1505 542 1565 570 π’*
1583 549 1654 581 quo
1708 533 1712 541 '

135 587 213 608 cum
233 588 400 610 commate
420 578 453 610 in
469 580 540 621 Stp.
560 581 622 611 rel.
670 582 754 614 Mox
773 580 845 622 post
862 586 911 612 καὶ
929 580 1077 613 nostrum
1096 581 1139 613 est
1159 592 1305 615 comma.

136 691 159 715 e
181 690 292 727 marg.
312 678 449 715 venisse
470 680 508 715 in
528 679 654 718 locum
673 680 869 728 alienum)
888 693 971 718 curn
994 682 1127 719 Noster
1149 682 1266 731 priora
1286 683 1451 730 explicet
1468 684 1661 732 magisque

136 727 315 771 definiat,
349 729 479 765 omisso
500 743 608 776 pron.
631 731 831 768 demonstr.
852 729 1015 774 τούτους,
1046 744 1088 768 ut
1113 745 1150 770 et
1174 731 1366 769 infinitivo
1395 747 1430 770 v.
1452 734 1557 770 subst.
1579 734 1658 777 efrem

134 779 181 814 ad
200 790 272 813 acc.
295 794 365 823 γεν.
389 790 427 815 et
447 793 482 815 v.
507 780 588 822 »ἔπη
623 793 700 828 quo
733 781 890 817 variatur
919 794 1001 817 curn
1032 781 1112 831 syn.
1140 794 1172 822 1,
1197 792 1252 828 13,
1276 795 1327 819 ιι.
1349 795 1418 825 m.,
1459 783 1659 831 ignorante

133 828 214 875 Stp.
235 828 310 864 Th.
335 829 536 866 refflonem
561 843 591 865 v.
615 843 697 866 cum
721 831 822 876 dupi.
841 830 904 866 tali
922 843 995 866 acc.
1010 843 1048 868 et
1060 830 1203 879 ellipsin
1222 831 1321 868 iliam
1336 831 1513 869 infinitivi
1527 834 1567 869 L.
1579 833 1660 870 Bos.

135 889 172 924 p.
194 889 278 923 4¹9·
296 876 372 926 sqq.
425 881 622 917 Caeterum
645 880 682 916 in
705 881 746 917 δι’
766 881 818 917 ἑτ.
836 893 867 917 λ.
889 893 957 927 pro
976 882 1015 917 P.
1040 881 1116 930 syn.
1143 881 1304 918 formula
1329 894 1394 928 per
1407 882 1473 918 abl.
1497 881 1660 918 severior

134 927 187 962 est
212 930 272 975 ssg.
286 953 297 971 ,
334 939 480 964 tantum
504 929 583 966 Lae.
609 930 697 967 inde
718 931 886 967 retinens
907 930 950 966 ad
969 931 1071 978 02⁷3„
1099 931 1220 978 (quod
1239 943 1276 967 et
1296 944 1351 978 ap.
1373 933 1420 968 G.
1441 932 1538 974 Th.‚
1559 931 1601 978 it.
1619 932 1660 968 in

133 976 286 1013 Sb.1nd.
308 976 409 1019 hinc,
432 978 491 1015 sed
512 979 667 1016 aliunde
685 993 741 1026 ap.
753 982 833 1027 Stp.
847 981 939 1026 Th.)
952 992 996 1017 ut
1007 981 1158 1018 brevior
1178 981 1238 1016 hic
1256 980 1413 1024 Noster,
1439 993 1551 1029 quam
1573 990 1608 1023 8,
1631 993 1663 1024 ς,

136 1038 194 1062 12.
225 1027 267 1064 a?
280 1042 320 1063 τε
339 1025 502 1075 λεωφόροι
530 1027 595 1066 ὁδοὶ
627 1029 681 1071 καὶ
700 1029 849 1076 dream-02
868 1042 922 1071 a„
957 1043 1022 1077 per
1051 1031 1296 1067 variationem
1323 1031 1424 1067 nude
1452 1030 1512 1066 hic
1542 1029 1661 1078 posito

134 1078 215 1114 ὁδῶν
234 1077 337 1113 subst.
353 1102 362 1116 ,
392 1078 497 1124 quod
517 1078 694 1116 adiuncto
713 1079 784 1115 adi.
805 1079 856 1115 ibi
879 1079 994 1128 magis
1017 1078 1197 1117 definitur
1209 1091 1249 1116 et
1268 1080 1664 1129 distinguituraboe’re..

133 1137 180 1162 ut
200 1125 271 1162 {int
292 1126 374 1161 viae
393 1127 582 1173 publicae,
616 1130 737 1170 latae,
765 1128 957 1176 longiores
978 1142 1062 1166 cum
1082 1128 1355 1177 peculiaribus,
1391 1129 1663 1178 angustioribus

133 1185 175 1210 et
195 1174 442 1217 brevioribus,
467 1177 515 1213 cf.
532 1177 636 1214 Suid.
652 1204 662 1219 ‚
686 1191 766 1215 non
787 1179 870 1214 con.
892 1178 934 1214 ad
948 1179 1058 1222 Hes,
1086 1178 1281 1217 tumlndd.
1295 1179 1416 1228 Orph.
1430 1180 1520 1229 Lyc.
1534 1179 1675 1238 Thoe.-

130 1224 225 1261 Xen.
246 1226 303 1261 M.
326 1226 361 1260 S.
394 1226 491 1261 The.
514 1226 568 1262 Fi.
590 1228 680 1265 Luc.
701 1240 741 1265 et
761 1228 877 1264 Diod.
894 1231 928 1265 S.

180 1271 225 1311 ‘ro'
240 1289 279 1312 τε
301 1275 369 1319 ςς.)
396 1277 491 1311 Ven.
516 1288 707 1324 perperam
736 1285 800 1315 τῶν
830 1293 930 1323 war.
951 1298 990 1307 —
1018 1283 1046 1314 εἱ
1072 1282 1211 1317 &vi-{mem
1233 1279 1370 1316 Stroth.
1417 1277 1477 1316 Ad
1496 1281 1661 1320 λαθόντες

132 1324 270 1361 melius
287 1323 443 1372 qufldrat
465 1325 710 1364 ὗπεισέλῧοιεν.
734 1328 825 1374 Sylb.

235 1375 326 1410 Mss.
347 1387 403 1408 res
423 1374 509 1410 sunt
532 1388 551 1410 e
570 1376 670 1421 lapsu
691 1376 732 1412 in
750 1376 961 1418 vocalibus,
990 1376 1127 1414 deinde
1144 1375 1183 1412 in
1196 1382 1237 1414 τέ
1257 1377 1458 1424 autelapso
1470 1378 1519 1413 ob
1530 1375 1581 1426 sq.
1595 1392 1661 1422 59..

134 1434 223 1466 aut,
252 1434 338 1458 ante
356 1422 411 1465 κα.)
435 1423 634 1460 intervallo
658 1426 836 1473 sequens,
870 1427 905 1462 vi
927 1426 1046 1463 eie&
1065 1426 1225 1466 iterum,
1259 1437 1304 1461 ut
1323 1438 1477 1474 quoque
1490 1426 1553 1474 Bg.
1576 1439 1597 1463 e
1622 1428 1660 1461 Ρ.

131 1472 340 1520 opprimit;
373 1471 436 1519 qui
461 1473 579 1519 lapsus
600 1475 752 1522 quidem
771 1476 910 1512 librarii
939 1477 979 1512 in
1000 1491 1016 1513 0
1037 1474 1156 1511 vocali
1179 1487 1282 1522 patet
1307 1488 1353 1511 ex
1382 1488 1450 1517 e0,
1487 1474 1591 1521 quod
1609 1475 1660 1523 sq.

135 1530 227 1560 κενὸν
248 1522 387 1558 salvum
408 1523 585 1569 reliquit,
619 1535 663 1559 ut
681 1537 759 1560 non
784 1525 890 1572 poffis
912 1525 1138 1565 existimare,
1164 1537 1249 1560 eum
1270 1523 1422 1561 voluiffe
1442 1525 1528 1561 dare
1543 1526 1661 1560 verbo

132 1572 249 1608 alium
277 1571 396 1607 casum
418 1583 455 1607 et
474 1573 681 1609 secundum
702 1574 815 1615 adeo,
853 1574 973 1622 qualis
993 1575 1042 1611 est
1069 1573 1109 1610 in
1131 1573 1210 1609 aliis
1232 1573 1334 1621 syn.,
1377 1587 1410 1609 v.
1430 1586 1462 1609 c.
1486 1577 1663 1620 ἐπιβαίνειν

133 1622 259 1662 ἵππου,
299 1634 378 1656 non
395 1633 566 1665 repertus
583 1622 648 1659 ille
669 1635 735 1670 per
755 1624 862 1660 Indd.
877 1651 887 1666 ‚
917 1624 977 1660 sed
1000 1623 1047 1660 de
1069 1623 1158 1670 pers.
1181 1635 1265 1658 cum
1286 1635 1363 1658 acc.
1387 1623 1440 1658 rei
1459 1622 1485 1659 s.
1507 1622 1595 1665 loci,
1620 1633 1663 1659 ut

131 1670 215 1710 hic,
253 1683 310 1718 ap.
333 1671 415 1706 Eur.
437 1673 516 1706 lon.
534 1685 567 1707 v.
591 1681 674 1718 813.
698 1683 737 1708 et
757 1683 842 1716 851.
863 1673 1070 1712 ἐπεισελθὼν
1088 1669 1185 1710 πόλιν
1200 1695 1211 1712 ,
1238 1673 1386 1708 veniens
1409 1671 1446 1707 in
1468 1673 1557 1708 hanc
1572 1671 1664 1707 civi-

132 1731 270 1758 tatems
307 1724 359 1757 ἐπ.
383 1717 523 1765 δόμους,
559 1721 737 1768 ingreffus
765 1726 890 1765 aedes,
932 1734 1015 1759 turn
1038 1722 1228 1762 absolute,
1271 1718 1311 1758 it.
1333 1733 1421 1758 cum
1448 1722 1523 1758 dat.
1559 1719 1674 1768 μετῇ

131 1781 281 1819 praeter
301 1771 381 1815 Stp.
401 1769 497 1812 Th.‚
533 1770 571 1806 in
597 1773 674 1808 lnd.
697 1772 781 1814 Sb.‚
810 1772 928 1808 Dion.
949 1774 998 1810 H.
1016 1770 1064 1819 ej.
1084 1773 1132 1807 T.
1153 1784 1184 1808 2.
1207 1782 1246 1807 et
1267 1771 1340 1806 Pal.
1357 1771 1432 1813 Fi„
1455 1769 1521 1808 ubi
1539 1768 1660 1808 reddi.

132 1831 197 1856 tur
219 1832 301 1855 cum
329 1820 490 1855 notione
511 1818 724 1857 secundaria
754 1822 991 1869 „irrumpere
1018 1822 1253 1869 necopinato“
1280 1832 1323 1857 ut
1346 1831 1430 1856 cum
1455 1819 1523 1856 alia
1541 1820 1663 1857 rursus

132 1870 217 1907 lnd.
239 1870 346 1905 Dem.
371 1880 453 1904 cuin
475 1882 528 1916 pr.
547 1875 592 1912 εἷς
618 1869 846 1916 „insuper—
868 1874 1100 1919 irrumpere‘<
1128 1870 1190 1917 qui
1207 1871 1349 1917 priores
1361 1870 1460 1906 c'asus
1472 1867 1673 1906 firmantur·

135 1933 157 1956 e
178 1932 212 1955 ν.
232 1931 266 1954 ν.
288 1918 366 1965 syn.
380 1941 390 1958 ‚
426 1929 469 1954 ur
488 1931 563 1954 acc.
583 1932 603 1954 e
622 1921 683 1956 Sb.
704 1921 783 1956 lnd.
804 1934 859 1968 ap.
873 1920 953 1957 Zos.
975 1926 1154 1959 §xeneae-sus
1169 1925 1233 1962 τὰς
1253 1925 1373 1961 οἰκίας,
1400 1929 1439 1955 et
1450 1919 1534 1958 Eur.
1547 1920 1663 1955 Herc.

131 1971 218 2006 Fur.
240 1981 275 2003 v.
298 1980 353 2014 34.
377 1967 466 2008 τώδ’
484 1969 692 2006 ἐπεισπεσὼν
715 1967 834 2011 πόλιν,
871 1970 973 2017 quod
990 1970 1097 2018 postr.
1119 1970 1231 2006 habet
1252 1968 1365 2007 etiam
1387 1968 1461 2004 dat.
1480 1967 1596 2016 pers„
1627 1980 1663 2003 v.
1694 1988 1695 2023 i

136 2019 205 2056 Ind
237 2020 333 2054 Xen.
356 2018 446 2064 Cyr.
468 2029 507 2053 et
525 2019 637 2059 Luc.‚
665 2019 725 2055 sed
747 2019 854 2055 Arist.
878 2021 974 2055 Plur.
997 2033 1032 2056 v.
1053 2028 1140 2062 805.
1163 2017 1237 2062 ἦμῖν
1255 2040 1294 2048 ·-
1319 2020 1463 2063 ἀγαθῶν
1491 2024 1594 2065 σωρὸς
1615 2023 1662 2059 εἷς
1703 2031 1706 2035 ·

133 2074 193 2110 τὴν
208 2073 309 2105 οἰκίαν
321 2067 613 2107 Ἐπεισπέπκικεν,
641 2068 704 2105 ubi
722 2069 834 2105 Schol
860 2070 902 2106 C.
922 2070 1065 2105 D’Orv.
1090 2071 1302 2111 ἐπεισῆλθεν,
1328 2067 1429 2115 quod
1443 2067 1489 2103 de
1501 2080 1538 2104 re
1549 2067 1664 2103 etiam

133 2131 170 2153 v.
192 2119 230 2153 in
249 2116 332 2152 lnd.
357 2118 478 2162 Geop.
501 2128 538 2152 et
554 2118 696 2159 Thac..
734 2118 797 2165 qui
826 2121 874 2154 est
903 2120 1010 2154 locus
1035 2120 1115 2164 Stp.
1135 2118 1206 2154 Th.
1236 2131 1299 2164 per
1324 2117 1456 2153 falsum
1473 2116 1673 2153 austorem'
1700 2164 1713 2169 f

133 2169 217 2204 Luc.
233 2191 243 2206 ,
276 2165 323 2202 cf.
345 2166 393 2202 ib.
414 2178 497 2201 cum
519 2168 593 2201 dar.
616 2168 689 2209 rei;
717 2168 959 2215 hicbenessg.
982 2166 1205 2203 dissolvente
1218 2180 1363 2215 praep..
1390 2168 1448 2213 (ut
1462 2167 1665 2203 ind.Dem.

134 2222 343 2258 »ἐπεισιένοω
356 2232 394 2242 --
417 2214 437 2249 i.
450 2228 483 2251 e.
502 2222 635 2258 timim
655 2217 709 2253 ἐπ’
726 2218 895 2261 adro-Q«)
917 2231 954 2253 er
969 2215 1184 2263 {impliciter
1196 2216 1378 2252 reddente
1397 2229 1430 2251 v.
1443 2214 1594 2257 iterum,
1621 2225 1667 2252 ut

133 2281 170 2308 2,
196 2279 230 2310 5,
256 2277 288 2312 3.
309 2279 364 2306 e.,
401 2266 581 2312 (quocum
599 2265 734 2313 Noster
762 2267 877 2301 variat
901 2267 937 2302 in
967 2266 1065 2310 casu)
1089 2266 1151 2302 sed
1178 2265 1392 2302 memoriter
1412 2264 1557 2301 ferente
1578 2265 1661 2312 Stp.

132 2316 208 2353 Th·
235 2327 267 2355 Ι,
292 2320 397 2359 ¹269·
422 2316 458 2349 Β·
480 2313 544 2350 sub
570 2320 800 2361 »εἷσέρχσμοω
821 2334 861 2342 -
888 2313 1043 2352 Herodi.
1063 2328 1094 2351 2.
1123 2320 1166 2357 ὡς
1186 2327 1218 2351 Α.
1239 2313 1306 2356 τό,
1336 2329 1376 2351 τε
1401 2330 1451 2361 ςς.
1482 2315 1664 2352 εἰσέλθοιεν
1701 2334 1708 2341 ·

133 2370 226 2411 ἀνδρ.
250 2371 347 2402 κεν.“
403 2363 476 2398 lam
495 2364 579 2402 Sb.‚
608 2364 672 2411 qui
691 2375 729 2400 et
753 2364 882 2400 inlnd.
911 2378 1010 2411 „pro
1028 2363 1238 2402 §neza-sasss‘
1267 2363 1312 2399 de
1327 2363 1522 2406 moresuo,
1547 2373 1664 2409 quan·

133 2428 246 2462 quarn
267 2411 429 2450 consutis
450 2412 534 2449 aiibi
560 2425 708 2460 praepp.
733 2413 805 2448 istis
827 2425 864 2449 et
888 2414 1109 2454 elementis,
1136 2426 1260 2449 tamen
1281 2412 1416 2449 Nostro
1434 2411 1603 2449 tribuens
1625 2409 1664 2446 id

133 2478 193 2503 ν.,
224 2475 302 2499 non
325 2461 484 2508 amplius
509 2463 646 2498 deinde
667 2462 876 2498 adhibitum
891 2487 901 2504 ‚
938 2461 1029 2500 facit
1047 2463 1122 2498 fine
1142 2462 1245 2498 libris
1268 2474 1306 2498 et
1327 2460 1522 2498 necess'aria
1543 2459 1665 2502 causa,

132 2513 220 2561 quia
243 2524 320 2549 turn
352 2511 450 2559 vulg.
481 2511 581 2548 idern
610 2510 808 2559 fignificat,
843 2523 921 2548 turn
947 2513 1104 2548 aiterum
1131 2512 1210 2549 eius
1239 2524 1317 2548 non
1349 2512 1430 2558 plus
1460 2508 1669 2564 significare

131 2563 278 2611 potest,
316 2573 385 2598 nec
404 2560 603 2597 continere
626 2560 702 2596 vim
725 2560 763 2597 in
784 2573 835 2606 pr.
857 2561 919 2598 ὑπὸ
941 2560 1038 2597 illam
1059 2560 1139 2596 adv.
1162 2563 1275 2601 ciam,
1317 2572 1428 2608 quam
1459 2560 1664 2608 respexerit

133 2612 222 2654 ille,
255 2625 340 2649 cum
362 2611 494 2647 diserte
512 2609 574 2646 hic
596 2609 766 2646 additum
786 2608 827 2645 {it
848 2622 941 2657 part.
963 2613 1046 2647 Λαθ.
1061 2635 1071 2651 ,
1099 2610 1166 2646 hac
1184 2609 1349 2646 notione
1367 2610 1561 2658 cognitum
1577 2634 1588 2651 ,
1621 2617 1661 2643 et

131 2674 151 2697 a
169 2663 234 2709 Rg.
256 2661 459 2707 expreffum
480 2673 501 2696 e
520 2659 580 2701 P.‚
617 2671 657 2697 et
677 2659 808 2696 Noster
834 2659 950 2695 variet
980 2670 1125 2696 tantum
1152 2672 1218 2706 pro
1245 2674 1274 2701 ι,
1298 2671 1354 2701 ιο,
1374 2663 1408 2695 6.
1435 2654 1601 2699 λαθόντες
1623 2673 1662 2683 -·
1700 2667 1702 2672 ·

130 2715 186 2749 διὰ
207 2732 243 2740 -
264 2710 499 2756 ὄόωποςῖας-
521 2715 567 2752 εἰς
586 2717 646 2754 τὴν
664 2708 813 2748 Ἰταλίαν
835 2705 1053 2756 παρεδῦοντε,
1080 2720 1120 2746 et
1139 2722 1223 2747 curn
1243 2721 1279 2752 2,
1294 2721 1351 2752 12,
1370 2721 1405 2745 2.
1425 2713 1470 2750 εἰς
1489 2703 1660 2753 ‘Pais-mv·-
