1717 3082
165 112 337 163 LIBER
357 117 437 164 lv.
458 118 579 166 CAP.
593 121 687 167 XV.
718 122 775 170 A.
786 123 842 171 V.
861 125 909 171 C.
932 138 1043 185 970.
1066 124 1203 175 CHR.
1214 127 1276 174 N.
1291 143 1315 178 2
1329 144 1398 187 ¹7·
1469 142 1492 176 1
1506 145 1575 190 04
1589 144 1621 193 7

17 237 21 290 j
79 233 328 303 ςικεᾷιενα,
375 235 566 307 ἕῤῥιπτον
592 235 617 287 ¹.
697 259 847 310 παςα-
890 261 937 304 7.
971 247 1246 314 spargebant.
1285 267 1399 315 quae
1431 251 1610 302 latentia

78 310 373 363 λανθάνοντα
411 308 460 363 δὲ
497 318 539 364 ἐν
573 321 677 370 ταῖς
709 314 844 383 glaolfe-
881 324 958 373 sub
991 342 1146 385 arena,
1184 343 1267 375 nec
1297 327 1526 393 conspefiia
1548 329 1605 379 ab

76 407 198 453 μοις,
233 386 307 453 καὶ
338 391 387 440 ου’
418 390 721 461 καθοξώμενα
752 393 841 444 ὑπὸ
878 402 1099 464 equitibus
1137 415 1181 452 et
1219 405 1491 453 camelorum
1530 407 1603 453 in-

72 465 160 513 τῶν
182 466 351 516 ἱππέων
376 464 400 523 ἢ
422 470 506 517 τῶν
528 472 785 534 καμηλιτῶν
798 476 839 532 ¹¹¹,
875 475 1101 526 sessoribus
1123 516 1136 536 ,
1228 478 1426 546 pestifera
1477 492 1601 528 erant

73 540 269 611 ὁλέθςια
299 541 344 601 ἦν
371 546 540 599 αὐτοῖς.
587 548 837 603 πατοῦντες
879 559 923 604 8.
950 553 1067 620 ipsis.
1106 557 1289 621 Quippe
1308 557 1392 602 illis
1414 557 1598 615 calcatis,

68 615 168 707 γαὶς
199 621 235 668 οἱ
265 623 422 684 ἵπποι,
464 625 525 672 αἴ
551 642 600 672 τε
636 620 836 690 κοίμηλοι
873 634 1001 694 equi,
1057 648 1106 681 ac
1143 633 1298 679 cameli
1348 636 1596 698 praecipue,

65 705 286 763 μαλιτα,
326 696 516 760 ἔχουσαι
557 699 737 750 ἁπαλοὶ
771 700 835 750 τοὶ
871 708 1032 771 quibus
1062 717 1237 755 tenerae
1266 709 1363 755 sunt
1404 710 1594 774 plantae,

67 772 320 838 πέλματα,
345 770 555 844 ὤκλαζον
579 781 597 800 '¹
624 775 697 840 aa.)
725 775 833 839 ἐχώ-
869 783 1091 848 lapsabant
1167 796 1212 832 et
1274 784 1592 843 claudicabant,

63 857 215 912 λευον,
249 849 350 907 τούς
380 872 430 901 τε
464 850 722 915 ἐπιβάτας,
757 851 830 909 οὓς
864 858 1040 908 sessores
1070 877 1181 926 que,
1216 877 1328 926 quos
1350 859 1590 922 gestabant,

153 993 177 1031 1)
202 996 286 1031 Μςς,
306 994 361 1027 na.
390 1003 426 1027 et
453 995 517 1028 Vc.
543 997 705 1036 ὶρὶῑπτουν·
730 999 914 1030 mantuam
939 998 969 1029 δὲ
988 1007 1021 1031 λ.
1049 999 1141 1040 quod
1160 997 1262 1030 colon
1281 997 1417 1040 quidem
1440 996 1585 1029 habetur:

58 1047 203 1082 quoque
223 1040 257 1071 in
286 1040 341 1072 ed.
361 1041 432 1082 Stp.
453 1041 514 1072 rel.
535 1053 597 1084 pro
616 1043 739 1084 punito
752 1046 791 1076 Α.
813 1043 856 1076 al.
904 1043 955 1074 De
975 1043 1034 1074 rel.
1055 1054 1088 1074 v.
1108 1045 1156 1077 N.
1175 1053 1213 1075 ut
1230 1044 1271 1075 de
1289 1046 1424 1088 ἰςῖπτουν
1443 1044 1485 1075 Α.
1505 1053 1584 1075 cum

58 1084 113 1117 13³.
136 1093 167 1117 1.
240 1085 290 1129 m)
317 1089 482 1122 ιιμιλιτῦν
498 1088 563 1119 Ms.
591 1087 646 1119 Ba.
664 1087 846 1126 mendose,
867 1098 907 1120 ut
932 1091 1102 1126 καμιλητόν
1130 1089 1184 1120 ed.
1204 1089 1273 1120 Bss.
1297 1098 1324 1123 ι.
1396 1092 1431 1126 n)
1457 1089 1528 1131 Stp.
1546 1095 1583 1120 et
1627 1084 1633 1087 i

56 1129 96 1162 B.
115 1130 245 1164 addunt
271 1136 321 1163 καὶ
347 1133 505 1170 Ιχῶλιυον.
532 1133 640 1164 Leisn.
686 1133 820 1175 Nempe
847 1134 882 1165 in
904 1138 945 1166 Λ.
966 1133 1032 1165 fuit
1059 1135 1204 1173 ὕκλαζσν.
1229 1139 1279 1166 καὶ
1298 1134 1364 1168 τούς
1382 1145 1415 1165 τι
1434 1135 1517 1170 ἔπιβ.
1539 1132 1582 1171 it.

58 1175 95 1207 5n
114 1176 184 1208 Rss.
205 1179 276 1209 Par.
294 1187 330 1209 et
349 1178 418 1210 Par.
438 1176 493 1209 sed
512 1188 550 1209 ut
570 1178 734 1210 haberent
755 1178 841 1210 nihil
859 1179 930 1221 post
946 1181 1019 1211 ὧιλ.
1040 1181 1135 1212 Bs.2.
1156 1181 1193 1211 R.
1212 1189 1246 1211 at
1263 1189 1394 1210 comma
1411 1178 1472 1210 rel.
1487 1177 1581 1209 unde

57 1228 192 1253 tantum
226 1225 370 1261 lthuzv
397 1223 526 1255 acceffit
550 1223 582 1255 in
613 1224 690 1256 edd.
715 1223 879 1261 caeteris,
903 1235 1043 1266 quarum
1071 1224 1222 1257 Boeeleti
1254 1234 1313 1266 pet
1338 1223 1580 1265 compendium

55 1265 151 1301 suum
179 1267 332 1347 ianuerit
355 1269 468 1302 Leixn.
485 1279 562 1305 curn
581 1268 640 1306 isto
660 1279 694 1302 v.
710 1270 881 1306 caruerint
899 1270 968 1303 Bss.
992 1279 1069 1303 curn
1085 1269 1150 1309 rel,
1166 1268 1312 1310 vitiose,
1336 1279 1374 1302 ut
1399 1278 1478 1300 mox
1501 1270 1579 1301 ἀπε·

53 1317 205 1345 maselum
251 1324 298 1348 at.
319 1323 388 1349 utr-

100 1432 436 1480 sugoenoevflaevovrae)
463 1433 557 1469 Mss.
581 1431 734 1481 simplex
754 1445 823 1482 pro
843 1445 967 1482 comp.
989 1432 1101 1483 glossa
1119 1431 1192 1474 est,
1221 1442 1266 1471 ut
1281 1430 1398 1480 saepe.
1423 1430 1472 1467 cf.
1492 1441 1578 1476 4,9,

56 1495 115 1520 ιο.
143 1493 184 1519 et
215 1483 255 1519 in
276 1481 406 1520 eadem
433 1495 559 1530 praep.
581 1496 615 1530 4,
637 1494 671 1531 3,
695 1495 748 1528 15.
774 1498 808 1520 e.
831 1483 923 1520 ficut
951 1484 1116 1521 reddunt
1137 1482 1249 1519 etiam
1266 1484 1392 1529 lntpp.
1415 1482 1491 1517 Lat.
1510 1491 1578 1528 per

51 1532 227 1581 fim'plex,
261 1531 303 1569 it.
322 1533 402 1579 Stp.
427 1533 501 1570 Th.
534 1551 601 1573 mr.
619 1536 735 1574 lateo,
759 1533 920 1570 Herodi.
946 1533 968 1568 Ι.
990 1546 1023 1579 4.
1043 1533 1089 1570 de
1107 1530 1253 1569 trifiuns
1273 1542 1312 1568 et
1338 1528 1576 1567 ferramentis

51 1582 277 1632 quibusdam
298 1581 438 1624 acutis,
464 1594 559 1630 quae
579 1583 625 1618 ad
651 1582 810 1620 hostium
834 1581 991 1620 exitium
1013 1581 1336 1630 dispergebantur,
1361 1595 1441 1626 ποις.
1456 1600 1494 1609 -
1512 1583 1578 1616 αὐ-

50 1637 143 1674 τοῖς,
170 1630 236 1667 sub
265 1632 387 1668 arenis
413 1631 591 1674 latentia,
616 1644 656 1670 et
674 1644 770 1679 quae
796 1644 877 1668 non
905 1631 1260 1678 conspiciebantur«
1282 1628 1329 1665 cf.
1354 1630 1434 1665 Ind.
1459 1629 1574 1665 Dem..

51 1684 159 1719 cuius
186 1680 302 1717 solam
323 1680 580 1718 auctoritatem
601 1681 646 1717 ad
667 1682 747 1729 Stp.
767 1693 810 1719 ex
837 1680 944 1718 Isocr.
965 1681 1101 1718 addere
1121 1692 1187 1728 per
1207 1679 1309 1716 Indd.
1332 1677 1463 1726 potui,
1490 1677 1576 1715 red-

52 1732 198 1770 diturus
228 1732 307 1768 Lat.
336 1731 487 1767 delicere
512 1730 538 1766 s.
559 1729 779 1780 delitescere,
805 1742 1018 1779 quanquam
1048 1742 1108 1778 ap.
1126 1730 1173 1767 G.
1194 1729 1291 1772 Th.,
1318 1739 1463 1776 praeter
1489 1725 1573 1769 alia.

49 1784 206 1821 tamus.
225 1792 292 1828 pro
311 1791 389 1829 quo
411 1789 447 1826 3,
472 1791 527 1825 14,
551 1791 604 1828 ¹9·
628 1791 665 1817 et
684 1792 752 1828 pro
776 1779 891 1828 simpl.
910 1780 1068 1817 aliorum
1085 1779 1255 1816 locorum
1280 1789 1347 1826 per
1369 1777 1488 1814 rarius
1509 1787 1575 1813 vav

48 1832 186 1870 riatur,
215 1842 254 1868 et
284 1829 460 1878 peculiari
485 1830 631 1867 ratione
659 1829 830 1878 iungitur
849 1843 933 1866 cum
961 1842 1017 1877 pr.
1042 1833 1095 1871 ἐν,
1123 1826 1166 1864 it.
1191 1840 1257 1876 per
1283 1826 1428 1875 copiam
1459 1823 1574 1862 subii·

48 1882 149 1919 citur
174 1879 253 1928 syn.
274 1877 411 1927 phrasis
438 1891 478 1916 et
505 1879 659 1927 explic..
686 1879 735 1916 ef.
758 1880 807 1918 G.
830 1880 902 1921 Th.
926 1883 985 1926 36,
1007 1882 1063 1925 36.
1082 1877 1210 1915 omnia
1228 1878 1345 1914 latere
1367 1875 1573 1914 censebant

47 1935 90 1970 ἔτι
112 1932 265 1973 occulto,
290 1942 417 1978 neque
437 1928 498 1978 effi
519 1928 747 1978 quidquam,
772 1930 869 1978 quod
880 1927 983 1966 cerni
999 1937 1066 1964 aut
1085 1926 1246 1976 intelligi
1266 1922 1388 1976 pofflt3
1411 1924 1486 1961 fine
1505 1934 1573 1960 ne-

48 1981 211 2023 ceffitate
231 1980 269 2016 P.
289 1978 489 2017 deserente
508 1981 574 2026 Bg.
595 1978 638 2015 in
654 1990 814 2016 numero
837 1983 878 2024 ψ.
896 1989 1006 2026 quem
1029 1977 1125 2025 plur.
1139 1977 1217 2024 Stp.
1235 1977 1308 2012 Th.
1327 1974 1441 2011 modo
1462 1980 1570 2010 tenet

46 2045 97 2070 ex
115 2032 278 2072 Athen.,
303 2040 451 2078 reperto
470 2028 562 2066 mihi
584 2038 732 2065 tanturn
750 2026 850 2078 ling„
878 2028 927 2064 cf.
941 2027 1046 2063 Suid.
1065 2038 1147 2063 non
1165 2025 1251 2062 coll.
1269 2026 1314 2062 ad
1327 2026 1416 2061 Hes.
1428 2023 1570 2059 Thom.

47 2083 107 2122 M.
128 2093 215 2118 cum
236 2080 360 2117 Moer.
384 2080 500 2116 Hom.
520 2078 640 2128 Lyco.
660 2076 794 2115 Herdt.
813 2087 852 2114 et
870 2077 960 2114 Luc.
973 2101 984 2118 ‚
1010 2075 1073 2114 sed
1091 2075 1133 2119 in
1160 2074 1210 2124 sq.
1231 2076 1311 2117 καθ.
1342 2072 1420 2119 (ubi
1443 2071 1570 2109 rursus

45 2132 214 2170 variatur
235 2141 324 2166 cum
343 2128 460 2177 simpl.
480 2139 519 2165 et
534 2127 579 2163 ad
597 2128 745 2176 analog.
762 2125 804 2163 in
835 2126 918 2175 pals.
943 2138 1026 2162 cum
1055 2126 1191 2173 praep.)
1219 2124 1265 2161 de
1284 2123 1374 2171 pers.
1401 2122 1443 2158 L.
1457 2121 1570 2159 N.T.

45 2182 114 2221 sed
141 2180 206 2220 aa.
229 2181 343 2217 Hom.
371 2179 408 2216 h.
430 2178 471 2215 in
491 2176 619 2225 Apoll.
638 2190 674 2214 v.
699 2179 779 2224 136.
798 2188 883 2213 cum
904 2176 1000 2213 Xen.
1019 2175 1075 2213 M.
1093 2175 1129 2210 S.
1151 2184 1189 2210 at
1215 2185 1299 2209 cum
1321 2173 1401 2212 adv,
1425 2176 1571 2218 ἀκριβῶς

47 2235 138 2271 Luc.
158 2231 217 2267 cui
240 2229 322 2266 add.
346 2241 380 2272 2,
397 2238 480 2276 233.
503 2227 621 2273 l.99.,
642 2238 728 2263 cum
749 2239 803 2273 pr.
822 2229 853 2263 ἐν
881 2225 1016 2272 Orph.,
1045 2235 1112 2272 pro
1135 2221 1322 2271 despicere
1342 2234 1362 2258 e
1383 2221 1468 2257 loco
1491 2218 1571 2262 edi-

40 2282 137 2320 iiori
162 2281 278 2317 Hom.
300 2278 361 2317 'Im
388 2275 432 2319 λ’,
453 2287 532 2325 337.
555 2286 596 2313 et
619 2277 715 2313 Xen.
737 2277 829 2323 Cyr.
856 2274 918 2312 sed
937 2275 985 2311 de
1011 2286 1052 2311 re
1070 2272 1268 2320 Theogn.‚
1294 2270 1359 2319 qui
1380 2269 1462 2308 add.
1482 2269 1570 2306 loco

44 2333 192 2370 D’Orv.
210 2329 282 2366 Ch.
304 2327 466 2376 denique
489 2327 587 2364 med.
609 2326 657 2363 de
677 2325 771 2373 pers.
790 2325 905 2361 Hom.
925 2323 985 2361 Ἰλ.
1003 2318 1042 2365 ν’,
1064 2335 1120 2369 4.,
1144 2321 1242 2358 nihil
1270 2333 1329 2357 me
1356 2319 1570 2368 reperiente

39 2381 94 2421 a‘d
111 2396 194 2426 ιαμ.
211 2378 277 2415 ubi
296 2378 376 2427 Stp.
396 2377 471 2413 Th.
491 2388 535 2413 ex
551 2374 706 2413 Aristot.
728 2385 767 2411 et
786 2373 876 2410 hinc
896 2371 972 2412 fine
990 2372 1057 2408 Vs.
1077 2382 1118 2409 et
1133 2373 1207 2420 Bg.
1230 2382 1252 2406 e
1269 2371 1307 2408 P.
1329 2369 1394 2417 qui
1415 2367 1510 2406 liber
1529 2366 1573 2405 in

44 2434 154 2475 ὅλαι.
177 2430 277 2467 unde
301 2439 339 2466 et
359 2429 419 2477 Bg.
442 2426 487 2465 ad
513 2437 569 2475 pr.
592 2439 675 2472 παις,
695 2422 910 2474 suppletum
934 2433 1042 2472 pron.
1062 2423 1156 2465 αὐτὰ,
1176 2429 1297 2463 mutat
1318 2419 1358 2456 in
1379 2429 1490 2469 pron.
1510 2429 1572 2463 re-

44 2481 112 2519 lat.
131 2478 182 2517 cf.
203 2491 240 2526 4,
263 2489 321 2521 ιι,
341 2490 374 2523 9.

95 2545 312 2588 πατοῦντες)
338 2545 403 2593 Bg.
420 2553 441 2577 e
458 2541 518 2580 P..
545 2549 693 2589 praeter
713 2538 928 2587 suppletum
946 2536 1047 2575 idem
1065 2547 1189 2585 pron..
1215 2543 1334 2571 mutat
1350 2531 1471 2570 casum
1487 2543 1571 2589 1²3⁸.-

0 2593 1 2616 ἶ
43 2594 153 2644 tieip.
177 2606 217 2631 et
240 2604 355 2643 genus
368 2591 449 2633 ast,
471 2589 643 2628 deserens
667 2601 793 2626 tamen
814 2587 853 2625 in
875 2587 1011 2635 copula
1026 2592 1066 2624 τέ
1086 2595 1125 2622 et
1136 2585 1202 2621 rel.
1220 2584 1321 2619 unde
1340 2582 1574 2629 Sch.part1m

43 2646 87 2684 in
113 2661 178 2686 „aa
199 2644 367 2681 habentes
388 2641 544 2690 ungulas
570 2637 784 2686 mollt'ffimas
803 2637 830 2680 s.
849 2636 965 2674 soleas
988 2635 1155 2684 pedum“
1186 2633 1258 2669 hoc
1279 2645 1323 2669 ex
1343 2632 1424 2669 Ind.
1444 2631 1504 2668 Sb.
1523 2642 1575 2674 ut:

43 2696 140 2734 Pon.
162 2707 196 2741 7,
219 2704 278 2741 90.
299 2703 395 2740 quos
420 2689 554 2727 deserit
582 2692 644 2738 Bg.
668 2699 712 2725 ut
727 2688 807 2736 Stp.
824 2687 898 2725 Th.
924 2684 1014 2722 hinc
1042 2684 1116 2722 {ine
1143 2683 1204 2719 Vs.
1230 2681 1309 2736 post·
1336 2681 1403 2735 Gr
1426 2679 1572 2719 addens

43 2755 274 2794 „propterea
294 2741 476 2788 εὔγεως-οι,
501 2738 527 2776 sn
548 2740 695 2777 calcent
722 2736 880 2774 murices
907 2747 945 2773 et
968 2734 1154 2771 tribulos“
1180 2742 1218 2768 et
1245 2742 1332 2778 quia
1360 2730 1466 2767 ibant
1492 2728 1572 2766 fine

42 2795 164 2839 soleis
191 2790 343 2835 ferreis.
365 2801 461 2841 quae
483 2800 564 2828 tum
583 2789 625 2826 in
650 2786 718 2826 usu
740 2786 919 2826 nondum
936 2794 1065 2827 erant.
1095 2780 1145 2819 cf.
1165 2779 1213 2818 ad
1231 2778 1347 2818 Diod.
1367 2779 1406 2816 S.
1427 2791 1465 2823 2.
1485 2787 1574 2829 ²33·
