1717 3082
131 97 302 143 LIBER
322 98 378 141 ΙΙ.
413 97 602 142 CAP-X.
636 100 690 143 A.
716 97 771 143 V.
795 98 844 143 C.
874 96 996 152 946.
1037 98 1256 146 CHR.N.
1288 111 1405 156 193.
1447 111 1551 155 327

38 210 140 275 „viv
198 231 247 261 τε
301 210 539 278 Ἰλλυξικὴν
591 205 775 273 δύναμιν
811 231 908 266 num
952 231 1028 263 nos
1065 212 1220 282 elegq'ffe
1260 217 1550 278 cognoverint,

38 287 171 352 „Sipha
206 299 226 322 0
267 285 636 355 χειξοτονῆσοιφαν
692 284 780 350 μα’-

321 362 332 376 ,
438 362 446 375 .
498 362 505 373 .
645 357 664 375 ‚s
815 313 1079 383 nostrumque
1119 331 1265 362 nomen
1314 314 1551 363 audiverint

38 363 178 426 „Socsv
199 369 217 395 Ρ
232 405 244 425 ,
281 383 330 411 το
356 384 403 410 ’τε
427 382 622 430 ημετεςον
644 381 780 427 ονομα

65 437 173 488 πᾟ
294 445 313 471 q
375 440 398 473 q,
456 435 476 451 ,s
575 459 601 467 -
723 432 776 486 ‚ow
814 407 920 472 (non
972 407 1162 469 ignotum
1207 423 1277 454 nec
1328 404 1548 474 obscurum

36 482 62 502 ‚‚
108 462 130 488 υ
177 458 280 487 omo
315 480 325 498 ‚
352 459 428 487 om
442 458 588 501 αγνω,
603 459 658 498 ον,
685 459 732 485 ου

35 512 237 579 ’,ἄσημον
257 515 532 583 παξάύτσῑς
556 511 779 581 &vde->3097
817 496 937 566 apud
965 496 1082 566 ipsos
1113 517 1166 548 ex
1196 497 1301 562 illis,
1341 515 1448 566 quae
1466 516 1541 547 no-

35 589 119 658 ,,ἐξ
142 588 195 639 ὧν
223 588 597 656 ἡγεμονεύσαντες
629 592 776 638 ἐκεῖσε
798 590 900 659 stro
934 590 1059 641 duft'u
1091 590 1176 640 illic
1201 587 1417 658 gestimus)
1432 608 1544 657 pro·

122 715 158 751 o>
181 711 236 745 Sic
255 723 373 745 omnes
389 713 465 745 edd.
482 721 517 744 et
534 713 638 745 tacite
648 712 748 744 etiam
760 715 837 746 Mss.
859 722 948 748 tres,
973 723 1008 744 v.
1025 711 1072 745 N.
1138 715 1172 753 p)
1199 711 1264 743 Ox.
1281 713 1428 749 μάθοιντο,
1451 720 1545 742 men-

32 756 135 796 «lose,
160 767 181 789 e
201 757 250 801 sq.
268 760 428 795 nasos-m,
453 758 554 789 etiam
575 758 689 790 Leisn.
708 767 850 789 notante
870 757 990 790 vitium
1009 758 1049 790 ad
1068 767 1114 788 m.
1135 758 1201 788 Ox.
1214 766 1246 789 2.
1259 779 1270 794 ,
1295 766 1380 797 quae
1397 765 1472 786 cum
1492 755 1543 786 so-

33 803 84 834 cia
102 813 121 834 e
141 803 176 835 Β.
196 814 229 837 2.
249 812 365 845 peccat
382 813 519 845 quoque
537 803 570 833 in
591 803 638 844 sq.
654 806 723 835 τότε
743 813 807 834 una
827 813 925 834 voce.
995 806 1029 844 q)
1054 805 1092 836 ln
1102 802 1168 835 Ms.
1187 802 1243 834 82.
1262 799 1348 841 signa
1367 799 1547 843 parenthe·

32 846 73 880 fis
93 850 134 880 ab
152 849 257 880 οῧκ-
277 850 455 887 §sonituum
474 845 605 880 absunt.
624 850 734 880 biart.
758 848 860 879 etiam
877 847 912 879 in
929 849 971 880 Α.
988 848 1033 880 al.

81 944 169 993 ἅμα)
197 947 326 986 Deesse
346 960 439 995 puto
460 952 533 986 τινὰ
550 946 630 995 post
651 953 678 984 εἰ
695 951 743 985 δέ.
761 947 878 995 Steph.
930 948 967 985 Si
990 945 1139 993 ἦγεμὸνοι
1158 958 1226 995 pro
1239 944 1310 991 ἅμα
1325 955 1544 993 reponatur:

34 997 144 1046 plena
162 999 235 1035 erit
252 1008 291 1034 et
311 998 480 1034 strufiura
499 1007 539 1032 et
557 996 754 1032 sententia.
807 995 884 1033 Nifi
907 996 1006 1033 forte
1032 996 1278 1033 accusativum
1307 995 1413 1031 istum
1434 995 1544 1031 Seve-

31 1059 95 1084 rus
116 1048 161 1083 de
180 1045 352 1083 industria
373 1045 548 1088 omisisse,
572 1045 684 1093 seque
702 1044 993 1093 intelligendum
1013 1045 1234 1093 praebuisse,
1269 1043 1456 1092 putandus
1481 1042 1544 1080 est.

31 1097 124 1144 Sylb.
177 1096 278 1144 Lege
294 1099 352 1140 ἐμὲ
370 1106 433 1130 aut
453 1093 552 1137 ἡμεῖς.
579 1092 696 1130 Reisk.

121 1146 183 1192 Bg.
206 1144 246 1180 iu
267 1145 339 1181 Ms.
362 1157 445 1180 cum
466 1143 608 1180 solenni
629 1142 732 1192 ligno
749 1144 794 1180 ad
816 1156 921 1192 pron.
946 1157 1007 1181 nos
1029 1142 1069 1179 in
1089 1143 1138 1180 N.
1157 1143 1270 1179 modo
1300 1140 1545 1181 „emendatio

31 1193 72 1230 in
91 1192 274 1230 Graeciscc
301 1205 345 1229 ut
365 1194 489 1229 Leisn.
512 1193 557 1229 ad
574 1205 623 1228 m.
650 1193 771 1242 „legit
789 1206 878 1243 crgo
900 1193 986 1238 ἧμΞς
1008 1205 1073 1240 pro
1093 1190 1187 1238 ἅμα,
1211 1191 1324 1237 (idem
1341 1191 1384 1226 ad
1397 1191 1546 1236 m.0x.)

30 1243 56 1281 l.
79 1242 196 1286 ἧμέςῑῑ
223 1244 324 1290 quod
345 1241 460 1289 ipsum
482 1254 522 1278 et
538 1240 578 1278 in
598 1243 725 1289 Progr.
747 1245 901 1290 probat,
930 1256 1012 1279 cum
1034 1241 1253 1283 monuisset,
1277 1242 1314 1276 P.
1330 1240 1453 1289 legisse
1465 1239 1545 1285 ἦγε-

29 1289 140 1339 μόνα,
174 1291 276 1340 quod
299 1303 509 1339 quanquam
532 1291 577 1327 ad
595 1291 738 1328 sensum
756 1291 913 1333 sufficit,
950 1304 1062 1340 quem
1088 1290 1151 1327 ine
1170 1301 1365 1337 utcunque
1394 1288 1545 1325 videtur

30 1340 253 1387 expreffiffe,
271 1344 411 1377 ‘tamen
431 1353 450 1376 a
468 1339 603 1376 litteris
622 1341 721 1389 vulg.
745 1343 860 1391 magis
880 1342 1052 1378 abhorret
1066 1365 1077 1382 ,
1109 1353 1217 1389 quam
1241 1340 1327 1376 Rsk.
1347 1344 1424 1385 ἐμὲ,
1452 1336 1546 1375 mihi

30 1402 157 1428 tamen
175 1402 253 1425 non
275 1389 326 1425 ita
344 1390 613 1426 commendans
633 1390 730 1432 sese,
755 1402 804 1428 ·ut
824 1391 981 1428 alterum
1000 1390 1109 1436 ἡμᾶς,
1148 1388 1350 1437 expressum
1378 1401 1396 1424 a
1413 1390 1476 1437 Bg.
1506 1387 1547 1423 in

29 1441 94 1476 Vs.
109 1464 118 1477 .
153 1451 235 1475 cum
258 1452 344 1475 mox
364 1439 726 1487 sequatur.eiusdem
746 1442 838 1488 pers.
859 1439 1018 1486 ἡμέτερον
1037 1440 1079 1477 ὅν.
1093 1465 1103 1480 ,
1138 1451 1302 1486 quocum
1324 1443 1381 1483 ἐμὲ
1409 1437 1449 1474 in
1466 1447 1546 1474 tan-

29 1500 67 1526 ta
88 1488 225 1524 vicinia
243 1488 302 1524 vix
324 1489 522 1536 procedat,
555 1488 621 1525 etfi
641 1487 696 1532 ἦμ.
718 1490 765 1527 ὄν.
794 1490 837 1526 ad
866 1490 1010 1527 sensum
1038 1489 1139 1524 idem
1165 1489 1215 1524 est
1241 1498 1280 1524 et
1301 1501 1366 1536 pro
1386 1492 1463 1532 ἐμὸν
1486 1485 1548 1526 ἐν’,

29 1537 97 1574 nifi
127 1537 212 1586 quis
239 1537 390 1574 aliunde
419 1549 548 1574 teneat
571 1539 655 1575 talia
682 1540 876 1585 copulata,
911 1551 1005 1584 quae
1032 1551 1113 1575 uon
1136 1537 1265 1579 tenui,
1306 1537 1369 1574 sed
1399 1548 1431 1584 3,
1451 1539 1486 1577 6,
1509 1539 1543 1571 6.

30 1583 122 1625 ἔτλα
138 1585 194 1630 καὶ
213 1593 334 1634 sem-bv
351 1586 407 1633 ἐφ’
426 1587 513 1632 ἡμᾶς
533 1592 803 1635 συσκευάζετοη,
840 1584 1100 1635 καταφρονήσας
1123 1593 1182 1632 μὲν
1209 1595 1270 1630 τῆς
1297 1586 1460 1633 &fuereque
1489 1589 1544 1622 ἂν·

29 1640 159 1683 δςείας,
186 1634 366 1680 ἂμελῆσας
385 1638 420 1673 δὲ
440 1644 500 1677 τῆς
520 1633 604 1683 πρός
623 1653 664 1682 με
683 1643 825 1678 nieme,
860 1638 920 1673 ubi
940 1637 1026 1675 Sch.
1048 1636 1185 1673 diserte
1213 1649 1310 1682 „pro
1333 1648 1404 1672 una
1427 1634 1545 1682 perso-

29 1693 110 1721 na“
138 1695 182 1722 ut
198 1696 323 1722 tamen
343 1685 392 1722 ibi
416 1685 587 1734 ambigua
609 1698 666 1721 res
688 1685 751 1727 fit,
775 1699 859 1723 cum
880 1685 1068 1733 pertinere
1087 1697 1198 1733 queat
1218 1685 1323 1721 fimul
1344 1684 1388 1719 ad
1409 1682 1545 1719 exerci-

30 1745 132 1775 tum,
168 1744 212 1770 ut
232 1733 372 1770 diversa
391 1746 543 1781 quoque
564 1734 809 1771 subiiciuntur
829 1744 889 1777 τῆς
907 1735 1003 1780 ὗμετ.
1025 1746 1063 1770 et
1081 1751 1139 1781 πρ.
1158 1750 1221 1778 με,
1263 1734 1371 1780 quale
1394 1731 1485 1780 quid
1506 1743 1544 1768 et

29 1781 92 1820 hic
114 1781 308 1819 subiicitur
326 1782 463 1819 deinde
482 1785 522 1818 in
541 1780 617 1820 οὔτε
636 1785 789 1827 ἐμοῦ-,
815 1780 892 1820 οὔτε
909 1790 949 1820 τὸ
968 1783 1098 1829 ὁμετες.
1119 1794 1152 1820 Λ,
1204 1784 1340 1819 Saltem
1366 1795 1429 1828 per
1449 1782 1546 1817 hanc

30 1830 184 1868 dubiam
203 1830 427 1867 emendandi
449 1831 633 1867 rationem
648 1831 742 1868 nihii
764 1833 852 1868 dum
872 1832 980 1868 cdere
994 1832 1118 1873 debui,
1143 1831 1204 1868 sed
1216 1833 1423 1878 relinquere
1433 1830 1546 1877 vulg,

30 1881 202 1917 variante
219 1880 354 1916 Nostro
376 1892 462 1915 cum
481 1893 514 1922 2,
537 1890 570 1922 8,
594 1889 649 1922 18.
669 1881 708 1917 in
732 1887 759 1917 εἰ
777 1883 885 1925 1429„
911 1881 975 1917 bis·
991 1881 1209 1918 dirimendis
1228 1882 1288 1918 hic
1308 1880 1478 1927 longius,
1506 1889 1545 1915 et

29 1929 188 1967 maxime
212 1932 277 1976 per
295 1927 496 1964 restionem
516 1929 635 1970 aliam,
666 1929 733 1966 i.e.
754 1943 838 1966 cum
860 1930 1029 1977 particip.
1053 1942 1119 1977 pro
1139 1930 1207 1966 inf.
1221 1954 1232 1971 ,
1266 1940 1309 1966 ut
1326 1929 1422 1966 reste
1443 1928 1544 1976 cepit

29 1981 115 2026 Bg.‚
147 1989 229 2014 non
245 1976 337 2015 item
355 1977 437 2015 Sch.
458 1977 498 2013 in
525 1994 646 2024 „zete-
665 1981 883 2020 exercitum,
919 1980 986 2026 qui
1018 1980 1162 2016 creavit
1191 1981 1322 2015 ducem
1351 1978 1543 2026 aliquemss‘

30 2031 77 2064 ad
96 2025 200 2075 quod
228 2038 263 2061 v.
287 2037 436 2063 notarat
456 2026 580 2064 Leisn.
603 2027 644 2064 in
671 2041 720 2064 m.
741 2031 812 2065 Ox.
846 2028 955 2069 „Ast
980 2041 1036 2074 14,
1059 2035 1146 2075 23·“
1173 2027 1222 2064 cf.
1248 2030 1284 2063 L.
1307 2029 1351 2064 N.
1377 2029 1425 2063 T.
1458 2038 1544 2063 cum

31 2078 168 2115 Loesn.
187 2074 273 2112 Hes.
292 2075 394 2112 Suid.
419 2075 513 2112 Bud.
533 2077 574 2115 C.
595 2086 679 2118 218,
704 2091 759 2123 19.
786 2079 866 2126 Stp.
890 2077 984 2120 Th„
1021 2077 1085 2125 qui
1116 2079 1190 2114 huc
1217 2076 1316 2113 forte
1343 2075 1492 2123 respicit
1509 2089 1544 2120 4,

32 2130 116 2172 4²⁶·
137 2125 184 2161 G.
198 2137 230 2161 e.
252 2137 366 2165 „cum
385 2137 461 2161 acc.
482 2125 573 2171 pers.
595 2138 660 2173 pro
679 2138 822 2168 creare,
851 2128 911 2173 (ut
921 2127 958 2162 P.
979 2126 1070 2169 hic‚)
1087 2139 1145 2174 ap.
1167 2127 1359 2163 eunderne‘
1389 2125 1464 2162 fine
1476 2126 1541 2164 Gr.

29 2184 72 2210 et
94 2174 170 2210 Lat.
193 2175 280 2222 Bg.‚
316 2173 397 2210 lud.
417 2174 501 2210 Aes.
523 2175 580 2212 Fa.
599 2175 688 2211 Luc.
711 2188 795 2212 cum
817 2177 948 2217 Dem.⁹
985 2175 1044 2212 cui
1064 2176 1145 2213 add.
1166 2186 1247 2222 310,
1269 2188 1297 2210 2.
1328 2185 1409 2221 321,
1434 2186 1464 2223 3.
1484 2187 1542 2212 21.

31 2223 74 2260 it.
94 2233 154 2269 45.
177 2233 232 2267 ις.
257 2235 318 2268 47,
339 2235 372 2268 9.
392 2235 447 2267 15.
466 2233 524 2269 23.
553 2232 613 2280 438,
635 2236 689 2268 17.
709 2225 759 2273 sq.
789 2233 871 2267 128,
891 2234 923 2265 8.
953 2236 1076 2269 129,1.
1103 2235 1188 2272 235,
1205 2237 1258 2259 11.
1283 2237 1366 2268 271,
1382 2237 1438 2260 22.
1463 2236 1544 2268 277,

32 2285 68 2309 2.
99 2280 182 2315 287,
206 2282 261 2316 ¹9·
289 2281 373 2318 320,
394 2285 451 2318 24.
474 2275 528 2307 26.
565 2283 609 2308 it.
635 2277 715 2320 136,
740 2278 796 2310 16.
1345 2289 1354 2296 ²

76 2319 174 2364 ἦμεν.
194 2319 239 2358 ὄν.
257 2322 356 2368 πυθ.)
383 2323 424 2357 In
446 2321 542 2357 hanc
561 2321 716 2369 phrasin,
742 2336 787 2360 ex
806 2322 951 2370 analog.
972 2321 1116 2363 fastam,
1144 2322 1451 2370 tacentlnd.Stp.
1466 2322 1541 2358 Th.

30 2381 71 2407 et
93 2370 141 2406 G.
156 2368 231 2405 Th.
251 2369 292 2406 in
309 2382 344 2406 v.
363 2372 402 2406 P.
423 2379 464 2406 et
483 2370 564 2416 syn.
587 2372 671 2419 Bg.‚
699 2372 763 2420 qui
785 2385 828 2408 ex
846 2371 980 2408 eodem
1001 2370 1180 2417 opprimit
1199 2371 1364 2418 particip.
1386 2372 1466 2413 ὁτι,
1491 2370 1543 2407 se-

26 2431 97 2456 cus
118 2429 160 2454 ac
181 2429 284 2461 1.10‚
298 2430 352 2456 ιο.
366 2432 416 2454 m.
432 2444 443 2460 ‚
473 2418 523 2456 cf.
545 2432 579 2460 2,
603 2432 637 2463 9,
656 2432 688 2463 9.
704 2434 736 2456 e.
755 2422 801 2458 ad
822 2421 912 2462 o'vr.‚
946 2421 1005 2457 sed
1034 2420 1075 2456 in
1092 2420 1162 2460 adi,
1182 2425 1259 2464 ὲγν.
1288 2430 1326 2456 et
1344 2425 1403 2458 ke.
1421 2419 1543 2457 iunaa

37 2479 117 2511 1‚9,
139 2479 216 2509 η..
243 2467 308 2504 ubi
324 2468 362 2504 P.
384 2468 500 2505 libere
517 2467 622 2505 addit
642 2470 744 2510 adv.,
782 2469 830 2505 cf.
851 2483 887 2511 2,
910 2481 942 2513 5,
967 2481 1021 2505 12.
1106 2479 1114 2484 “

80 2520 116 2562 ἐξ
133 2512 190 2562 ὧν)
219 2518 304 2564 Bg.‚
333 2528 478 2563 praeter
501 2517 598 2555 reste
615 2518 814 2556 resolutam
835 2518 1042 2554 orationem
1057 2542 1068 2559 ,
1104 2516 1153 2554 cf.
1174 2518 1255 2554 Exc.
1278 2517 1322 2553 ad
1345 2530 1376 2558 ι,
1401 2530 1435 2564 4,
1455 2532 1486 2555 2.
1537 2546 1544 2554 .

35 2574 120 2612 832.
141 2577 191 2600 m.
214 2568 270 2613 ι),
305 2564 459 2603 ass'umfit
481 2566 525 2601 ad
546 2566 712 2613 particip.
733 2573 789 2611 ἠγ.
813 2578 1034 2614 pronomen,
1062 2578 1128 2613 pre
1146 2579 1234 2614 quae
1257 2531 1545 2616 praefidesgeffi-

34 2626 132 2654 mus,
170 2613 194 2650 s.
209 2623 484 2664 procuratores,
517 2615 566 2651 cf.
587 2617 700 2656 L.„N.
721 2618 769 2651 T.
792 2627 831 2651 et
851 2615 938 2652 ΟΜ.
965 2615 1005 2651 ad
1031 2616 1119 2651 Luc.
1138 2625 1169 2661 3,
1194 2628 1224 2653 ι.
1252 2616 1487 2653 Krb.Loesn.
1509 2630 1547 2654 et

35 2661 183 2710 Kypk.,
215 2673 365 2700 tacente
386 2665 465 2711 Stp.
485 2665 560 2700 Th.
581 2664 621 2700 in
644 2665 738 2700 hanc
758 2665 980 2705 notionem,
1018 2663 1077 2700 sed
1097 2664 1134 2699 in
1160 2677 1233 2699 rem
1257 2665 1365 2712 ipsam
1387 2676 1426 2702 et
1446 2678 1541 2713 prae-

35 2709 191 2754 fidatum
208 2711 308 2749 hunc
327 2714 454 2751 Severi
476 2714 603 2751 Dione
625 2725 663 2751 et
679 2715 797 2763 Spart.
813 2739 824 2758 ,
861 2713 910 2750 cf.
938 2727 969 2754 2,
993 2724 1027 2758 9,
1047 2726 1082 2750 2.
1097 2736 1108 2755 ,
1144 2724 1183 2749 et
1204 2717 1263 2751 bb.
1292 2714 1373 2751 Ind.
1388 2715 1471 2752 Lat,
1508 2717 1542 2752 in
