1722 3086
98 101 163 152 84
240 95 409 142 LmER
426 94 483 139 11.
515 92 728 140 cmm.
765 95 820 140 A.
844 93 902 140 v.
924 92 974 141 c,
999 94 1122 152 946.
1159 97 1522 156 CHR.N.193.

94 230 188 274 „reg
219 207 352 265 αὐτῆν
384 205 446 273 W)
478 205 768 269 καταισχύνοι
795 212 827 256 ⁹.
868 208 943 259 lud
981 229 1065 261 non
1104 207 1334 263 dedecoret.
1429 214 1606 288 Quanto

92 286 213 353 „go-„32
239 281 289 336 δὲ
321 279 384 334 ταὶ
416 281 662 350 γιγνόμενοι
684 296 724 346 r,
776 283 832 341 ὠς
870 294 1006 336 autem
1050 287 1293 357 prasfi’ntia
1313 327 1328 354 ‚
1392 298 1440 339 ut
1475 291 1608 352 mala,

183 411 221 454 q)
246 412 294 444 Μ.
314 409 367 441 Ba.
386 409 579 446 καταισχῦνυ
604 416 640 439 v.
659 405 705 442 N.
769 407 801 451 r)
828 405 874 438 Μ.
886 406 941 440 Ba.
952 415 987 439 et
997 407 1053 440 Vi.
1070 412 1232 449 γενόμινι,
1256 409 1402 452 it.1ng.,
1429 410 1546 452 v.N.‚
1566 419 1606 444 ut

94 453 167 501 post
183 462 219 494 Φ.
238 453 383 487 nostrum
402 451 447 484 est
461 461 605 485 comma.

95 571 132 600 ο,
147 560 202 594 ι6.
215 571 248 593 e.
269 561 391 602 ἄρεα-ῆς
404 561 463 596 τῆς
481 557 512 591 ἐν
530 550 640 598 ἔργοις
654 566 684 589 2..
706 552 832 590 addito
847 552 1018 590 hicartic.
1030 578 1041 596 ,
1065 553 1143 590 fine
1161 553 1386 598 discrimine,
1409 557 1505 594 etin
1524 558 1606 595 xus.

95 607 197 645 forte
209 619 276 653 pro
298 606 331 654 §.
358 615 410 639 ιι.
429 616 460 638 e.
487 601 546 639 τὸν
566 608 599 645 β.
624 605 736 648 Qum,
766 602 866 639 unde
886 603 948 650 Bg.
968 601 1068 639 idem
1086 606 1163 640 Lat.

140 656 324 699 καταισχ.)
351 655 394 689 ln
415 653 486 688 Ms.
508 649 668 688 lestione
686 651 800 689 fuerit
817 652 934 698 lapsus
953 651 1109 695 scribae,
1137 665 1222 690 cum
1244 666 1454 702 temporum
1475 655 1607 694 conse·

95 706 286 744 curionem
309 706 386 740 Lat.
405 701 444 737 in
462 699 700 738 coniunfiivu
720 701 831 737 etiam
847 700 999 742 servarit
1009 702 1070 743 P..
1094 703 1196 740 unde
1207 705 1268 752 Bg.
1286 705 1388 747 Lat„
1413 705 1605 742 sedeSch.

95 755 288 805 personam
307 750 509 800 legitimam
528 749 615 799 sing.
629 773 640 791 ,
667 748 728 787 ubi
749 749 1012 797 supplemento
1034 748 1152 787 fuerit
1172 764 1266 799 opus
1288 766 1392 800 pron.
1411 758 1548 797 αὐτοῖς,
1575 753 1606 792 s·

97 805 137 843 δι’
156 807 284 845 αὐτῶν,
313 813 376 842 et,
401 811 512 847 tropo
536 810 704 843 remoto,
729 799 852 837 sensus
873 799 946 841 est,
974 798 1067 835 solio
1086 798 1282 850 indignum
1303 801 1338 839 se
1351 814 1476 851 gerere
1489 815 1604 852 atque

95 853 288 899 ostendere
306 850 476 896 turpibus
495 847 620 891 fastis,
647 848 694 885 cf.
717 861 749 893 1,
773 858 805 895 3,
827 854 858 886 6.
878 862 926 886 m.

145 908 190 941 τὰ
207 901 313 948 osa-pv.)
343 901 450 937 Muta
466 898 506 935 in
524 895 697 944 γενόμενα.
748 898 908 936 Fortasse
926 908 1050 935 autem
1069 909 1108 935 et
1128 903 1266 944 μεγάλα
1286 898 1603 938 scribendumest.

94 954 193 994 Nam
214 963 298 987 cum
320 948 387 996 ὅσῳ
407 959 445 985 et
464 962 539 986 τοσ.
559 947 775 984 subauditur
792 950 939 993 μᾶλλον.
971 957 1008 984 et
1027 947 1162 985 durum
1191 947 1279 986 esset
1303 955 1455 997 τοσούτῳ
1473 953 1603 996 μᾶλλην

93 1007 253 1051 μεγάλως
273 1002 384 1046 {aaz}
408 997 524 1046 Steph.
578 997 757 1046 Vulgatae
774 995 968 1039 lectionis,
1001 995 1026 1032 fi
1046 996 1273 1041 retineatur,
1312 999 1373 1034 hic
1393 1000 1514 1036 sensus
1538 999 1604 1041 est.

93 1054 238 1104 Qanto
258 1059 382 1086 autem
402 1059 467 1090 ea,
504 1057 598 1094 quae
627 1045 665 1082 in
694 1046 860 1094 praesens
878 1044 994 1088 fiunt,
1023 1046 1151 1083 maiori
1173 1047 1262 1083 odio
1284 1046 1390 1091 sunt,
1426 1059 1468 1085 ut
1487 1050 1603 1085 mala:

95 1112 204 1139 tanto
224 1099 347 1137 futura
360 1122 371 1139 ‚
405 1107 580 1145 tanquam
599 1097 718 1138 bona,
751 1096 942 1143 sperantur
959 1095 1098 1143 magi55
1126 1107 1169 1131 ut
1189 1108 1253 1143 per
1271 1112 1362 1142 γιγν.
1384 1098 1603 1147 intelligan-

94 1163 156 1190 tur
177 1147 395 1197 praeterita,
428 1144 474 1182 ad
497 1145 666 1193 praesens
683 1157 803 1193 usque
823 1156 971 1192 tempus
992 1145 1185 1188 durantia,
1220 1157 1259 1183 et
1276 1153 1433 1191 μεγάλως
1451 1159 1602 1194 compa.

92 1199 211 1239 rative
244 1195 444 1243 accipiatur
479 1205 632 1242 propter
667 1193 935 1241 comparativae
968 1192 1165 1241 particulae
1186 1198 1346 1240 (μᾶλλον)
1373 1195 1413 1232 in
1438 1207 1602 1244 utroque

91 1249 260 1288 membro
272 1244 528 1293 ellipsim-sylb.
579 1244 728 1280 Manem
739 1244 912 1288 γενόμενα.
962 1244 1056 1281 Nam
1076 1243 1122 1280 de
1138 1244 1348 1291 praeteritis
1361 1244 1478 1281 sermo
1489 1245 1602 1281 est.-

93 1304 242 1344 Μεγάλαι
261 1296 339 1344 Stp-
358 1305 397 1331 et
418 1294 504 1332 Sb.,
541 1292 626 1341 quia
649 1293 710 1332 vix
738 1293 934 1329 ferendum
964 1293 1014 1329 est
1034 1292 1171 1329 Atticis
1198 1293 1346 1330 auribus
1373 1308 1444 1332 τοσ.
1469 1297 1602 1340 μᾶλλον

91 1353 263 1395 μεγάλως.
315 1342 497 1391 Utrinque
525 1342 627 1379 enim
647 1345 776 1387 μΞΛλον
793 1341 1093 1390 subintelligitur.
1123 1343 1237 1377 oxon.
1289 1342 1388 1379 idem
1409 1343 1479 1387 est,
1512 1355 1554 1380 ac
1572 1342 1599 1382 fi

93 1394 262 1438 dixisset,
297 1394 364 1440 ὅσῳ
387 1399 500 1439 μέτρῳ
528 1396 572 1435 ὡς
599 1397 756 1437 μεγάλως
773 1392 892 1438 ’φαῦλα
914 1396 1063 1436 μισεῖται,
1086 1396 1132 1428 τὰ
1149 1388 1352 1436 γιγνόμεναι,
1384 1405 1472 1442 quae
1497 1405 1602 1430 nunc

82 1448 203 1498 fiunt,
238 1448 390 1490 τοόιύτῳ
408 1448 519 1489 μέτρῳ
543 1444 719 1488 {mide-ms
742 1445 786 1477 τόε
806 1447 973 1484 μέλλοντα
992 1444 1035 1483 ὣς
1057 1446 1214 1486 μεγάλως
1233 1441 1365 1485 ὦγαθέ.
1385 1440 1503 1479 Reirk.
1542 1447 1600 1480 Τὲ

90 1499 183 1543 ssyr.
197 1493 289 1531 alias
308 1492 393 1530 sunt
409 1504 466 1529 res
479 1516 489 1533 ,
515 1503 609 1538 quae
627 1489 847 1539 contingere
869 1489 1011 1531 solent,
1037 1500 1078 1527 ut
1097 1501 1154 1537 ap.
1167 1489 1322 1538 Epictet.
1345 1497 1441 1536 λέγε,
1467 1488 1600 1529 ὅτιτῶν

89 1549 289 1592 γιγνομένων
306 1546 374 1581 ἐςω
409 1540 447 1576 h.
467 1541 491 1576 1.
512 1551 633 1577 autem
652 1539 738 1576 sunt
756 1551 837 1579 res,
876 1551 969 1588 quae
986 1538 1162 1576 hastenus
1182 1539 1299 1587 gestae
1325 1540 1421 1577 sunt.
1472 1540 1598 1578 Facile

87 1605 214 1644 patet,
242 1591 286 1628 ad
305 1589 335 1627 ὅ.
355 1599 395 1627 et
410 1605 487 1629 τοσ.
503 1587 792 1638 intelligendum
811 1587 880 1626 ess'e
898 1589 1050 1633 μᾶλλον,
1075 1598 1119 1626 ut
1138 1601 1197 1637 ap.
1216 1590 1350 1626 Anacr.
1371 1588 1443 1627 od.
1460 1602 1516 1633 re,
1540 1601 1594 1627 tt.

86 1643 155 1692 ὅσῳ
179 1648 284 1683 πέλας
301 1644 347 1677 τὰ
363 1645 492 1685 μοίρης.
518 1638 655 1675 Stroth.

187 1690 313 1728 Primo
334 1690 395 1725 Sb.
413 1687 493 1725 lnd.
510 1688 624 1725 totius
645 1686 756 1724 huius
776 1685 924 1736 periodi
942 1698 1019 1723 non
1038 1684 1235 1728 meminit,
1260 1684 1328 1722 nisi
1347 1685 1388 1724 in
1407 1687 1489 1724 adv.
1501 1702 1596 1734 μεγ..

87 1740 193 1792 quod
213 1738 289 1777 fine
304 1740 367 1774 Vs.
392 1749 478 1775 cum
500 1749 536 1774 v.
555 1742 630 1775 ἐλπ.
650 1734 778 1779 affert,
812 1748 896 1772 cum
917 1748 1041 1785 eoque
1066 1736 1159 1773 adeo
1178 1735 1350 1783 copulat,
1381 1749 1454 1774 nec
1479 1749 1594 1787 pqrro

85 1793 128 1830 id
147 1789 228 1828 adv.
246 1798 387 1828 tentat,
419 1797 464 1823 ut
481 1796 607 1823 errent
625 1787 749 1821 Oxon.
799 1786 900 1821 Tum
917 1786 1000 1821 Sch.
1012 1810 1024 1828 ,
1048 1797 1128 1822 non
1144 1784 1232 1821 hinc
1251 1784 1408 1822 afferens
1424 1791 1470 1824 τὰ
1487 1801 1594 1831 γιγν..

87 1841 127 1878 id
158 1850 282 1877 tamen
308 1849 329 1873 e
350 1837 389 1872 P.
417 1835 543 1873 reddit
562 1835 603 1871 in
629 1845 696 1882 υς).
714 1835 788 1870 odio
814 1834 998 1872 habentur
1014 1837 1243 1884 praeterita,
1281 1846 1325 1872 ut
1341 1837 1465 1871 mala“
1492 1834 1595 1872 unde

85 1889 300 1939 cognoscas,
326 1886 364 1922 P.
375 1896 438 1923 aut
447 1884 609 1922 habuisse
623 1883 663 1921 in
675 1884 739 1921 suo
752 1886 842 1921 Cod.
855 1884 966 1921 etiam
977 1883 1176 1921 lectionem
1187 1885 1279 1920 Mss.
1293 1909 1303 1925 ,
1323 1895 1389 1921 aut
1400 1883 1513 1931 praes.
1523 1895 1592 1932 pro

83 1951 162 1978 aor.
180 1934 375 1984 accepisse,
409 1946 492 1971 cum
509 1944 697 1983 ponantur
720 1945 788 1979 pro
805 1933 1047 1976 seinvicem,
1078 1945 1291 1981 quanquam
1310 1945 1374 1980 per
1389 1933 1426 1971 se
1438 1932 1592 1975 diversa,

81 1987 134 2024 cf.
152 1984 256 2024 suid.
282 1997 312 2027 r,
330 1995 417 2029 474.
437 1996 508 2025 m.,
543 1982 637 2019 ficut
650 1982 794 2018 variant
816 1981 902 2019 aiibi
921 1997 1031 2029 γινομ.
1048 1993 1086 2019 et
1104 1988 1197 2027 essm,
1222 1982 1390 2019 cf.1s0cr.
1416 1983 1478 2019 Ev.
1496 1983 1535 2020 F.
1553 1993 1589 2030 p.

87 2043 145 2075 11.
167 2036 216 2073 N.
231 2046 285 2081 14.
299 2058 311 2076 ‚
335 2033 396 2070 sed
417 2031 477 2069 hic
497 2044 518 2068 e
538 2031 646 2079 gloffa
664 2030 850 2068 manifesta
866 2055 877 2073 ‚
905 2044 990 2068 cum
1011 2031 1154 2068 litterae
1170 2046 1249 2076 γιγν
1266 2031 1477 2079 discrepent
1495 2044 1513 2068 a
1530 2045 1591 2076 ’γεν

81 2085 217 2124 nimis,
245 2094 455 2131 quanquam
473 2081 701 2118 variantibus
721 2080 779 2116 his
798 2079 880 2128 ipfis
899 2081 1066 2129 particip.
1086 2093 1142 2128 ap.
1161 2082 1253 2118 Xen.
1268 2082 1322 2116 M.
1336 2082 1440 2116 Socr.
1454 2092 1591 2126 r,4,4..

78 2134 326 2180 librariusque
347 2132 460 2167 modo
481 2130 765 2166 communicarit
787 2129 981 2167 nobiscum
1002 2141 1166 2166 mentem
1185 2130 1307 2170 suam,
1335 2141 1377 2166 ac
1396 2142 1472 2178 quo
1484 2129 1590 2167 sensu

79 2195 121 2222 et
141 2194 315 2230 tempore
333 2190 482 2228 caperet
500 2178 612 2227 praes.
625 2205 636 2222 ,
669 2178 771 2227 quod
783 2179 932 2227 proprie
949 2178 1107 2226 accipio,
1134 2190 1172 2215 et
1184 2190 1267 2214 cum
1280 2177 1364 2215 Rsk.
1379 2203 1390 2221 ,
1418 2190 1492 2227 quo
1504 2179 1591 2219 red,-

79 2232 112 2270 it
135 2234 220 2281 Bg.,
256 2230 409 2267 liberius
433 2239 583 2266 vertens
606 2240 648 2265 ex
679 2228 808 2275 oppos.
826 2240 945 2272 μεΛΛ.,
979 2240 1047 2276 pro
1073 2233 1120 2265 τέι
1136 2227 1308 2274 παρόντα,
1342 2229 1443 2266 unde
1465 2228 1589 2265 oritur

79 2279 264 2322 sententia
284 2278 405 2318 Nostri
426 2283 460 2320 6.
481 2286 514 2321 8,
540 2290 597 2315 Σο.
618 2276 662 2315 τδ
680 2283 738 2322 μὲν
757 2276 862 2323 wafrin
883 2285 944 2319 τῆς
963 2278 1073 2324 dexi-‘c
1089 2278 1174 2324 βαρεῖ
1191 2299 1229 2306 --
1247 2277 1387 2324 α’κεςδές
1405 2293 1516 2320 τε-,
1542 2276 1588 2315 τὲ

80 2336 117 2371 δὲ
137 2337 258 2378 μέλλον
276 2330 330 2373 καὶ
352 2326 490 2375 xeos-cdv
508 2348 548 2355 —
571 2332 604 2369 ἐς
623 2327 663 2364 τε)
686 2330 859 2372 κερδαλέον
879 2330 995 2367 αὐτοῖς
1014 2324 1147 2368 εὔελπι,
1181 2326 1312 2364 ἀὶτεξὶει
1340 2327 1400 2363 hic
1428 2325 1587 2364 maxime

79 2379 121 2418 in
140 2379 394 2417 praetorianos
407 2403 416 2419 ,
450 2376 496 2412 ad
515 2389 610 2424 quos
622 2376 730 2412 etiam
744 2375 921 2422 quaedam
934 2375 1044 2412 huius
1056 2376 1235 2412 orationis
1248 2377 1438 2422 pertinent
1448 2375 1585 2423 postea,

77 2434 156 2465 inc.
175 2427 301 2477 §.m.,
333 2439 414 2463 non
439 2426 685 2473 approbantes
714 2424 813 2459 hunc
839 2425 1121 2472 imperatorem,
1155 2435 1194 2461 et
1224 2426 1336 2461 alium
1364 2425 1585 2474 spestante52

77 2477 152 2516 suis
178 2477 345 2514 moribus
372 2474 658 2522 commodisque
682 2475 884 2521 aptiorem,
920 2474 964 2510 cf.
987 2487 1018 2510 ε,
1044 2487 1076 2515 2,
1098 2483 1130 2513 8.
1155 2473 1230 2522 sqq.
1258 2485 1297 2511 et
1325 2488 1358 2516 2.
1380 2489 1416 2519 4,
1434 2486 1467 2518 7.
1484 2474 1582 2521 sqq.⁸

73 2538 286 2575 quanquam
307 2524 429 2562 Nostri
449 2522 564 2570 ’γνώμη
581 2524 691 2560 etiam
715 2522 882 2559 universe
901 2524 999 2559 valet
1017 2522 1062 2559 de
1089 2521 1304 2570 imperantis
1324 2522 1475 2572 fingulis
1494 2523 1581 2559 afti-

75 2577 166 2617 bus,
202 2574 267 2622 qui
286 2574 506 2623 displiceant
526 2573 746 2619 quibusdam
768 2571 929 2613 civium3
962 2571 1053 2608 ficut
1073 2573 1279 2618 promiscue
1297 2577 1344 2610 τὲ
1361 2587 1453 2617 γιγν.
1476 2583 1516 2610 et
1530 2576 1580 2610 τὰ

73 2629 264 2671 πράγματα
292 2632 487 2669 ponuntur
514 2635 572 2669 ap.
589 2623 720 2662 Dem.‚
753 2632 832 2665 102,
858 2630 912 2662 ιε.
945 2621 1002 2658 εΗ.
1024 2629 1106 2667 138,
1126 2633 1210 2664 20.,
1241 2634 1280 2658 et
1309 2621 1413 2657 fimul
1439 2631 1497 2665 98,
1522 2633 1576 2668 ¹4-

77 2685 158 2714 ιιι,
183 2684 258 2716 17.;
290 2682 334 2708 ut
352 2682 477 2707 tamen
493 2671 638 2707 laboret
653 2670 714 2706 hic
733 2669 856 2706 sensus
874 2669 912 2706 in
934 2669 1096 2707 secundo
1117 2672 1284 2707 membro
1304 2673 1349 2708 de
1368 2669 1576 2708 astionibus

70 2719 289 2771 imperantis
311 2719 472 2762 futuris,
500 2731 617 2768 quae,
650 2731 734 2757 cum
753 2731 830 2756 non
852 2718 989 2767 poffinr
1003 2719 1235 2768 praevideri,
1270 2733 1340 2758 nec
1357 2718 1457 2768 spem
1479 2719 1577 2758 exci-
