1722 3086
113 84 211 146 {88
257 96 429 165 LIBER
447 95 505 140 11.
548 95 673 142 CAP.
697 92 776 140 VI.
813 98 868 144 A.
893 98 950 145 V.
975 97 1026 145 C.
1043 96 1168 154 946.
1201 98 1420 151 CHR.N.
1440 110 1562 158 193.

100 231 216 280 μοιτι
239 206 477 277 Κόμμοὸον
503 210 706 280 ἀξιοῦσιν
739 212 852 261 αἰπο-
889 234 993 266 men
1018 256 1030 277 ,
1109 220 1411 269 Commodum
1461 222 1639 272 censent
1696 204 1699 214 Δ

99 286 364 351 καλεῖσθαί
392 300 441 341 ¹¹¹.
521 285 585 338 τά
612 310 660 338 τε
684 295 854 354 σημεῖα
904 310 982 352 17.
1025 297 1292 344 vocandum.
1396 300 1634 363 Signisque
1668 295 1670 300 ¹
1715 327 1722 354 ι,

98 363 285 436 εἴξαντες
320 371 365 429 ¹¹,
426 366 505 415 καὶ
554 365 646 422 τοίς
691 367 848 417 ἐκείνου
889 371 1092 430 sublatis,
1138 385 1182 421 et
1212 374 1329 422 illius
1360 376 1632 438 imaginibus

97 547 106 556 ι
187 501 238 548 m)
264 501 407 534 Comma
425 499 480 533 hic
497 500 530 534 in
551 500 586 534 Β.
601 508 634 534 1.
653 501 714 540 1..,
737 509 776 533 ut
795 501 901 534 colon
922 502 956 536 in
975 502 1009 534 B.
1025 511 1055 535 ι.
1076 504 1138 540 R..
1171 513 1204 534 v.
1225 503 1272 537 N.
1343 503 1383 549 n)
1407 503 1458 547 ᾅς.
1484 502 1526 537 fic
1551 514 1629 538 cum

95 557 167 581 iota
186 551 230 581 A.
250 548 316 585 aL,
350 556 384 579 at
403 550 437 587 §.
455 558 509 589 pr.
530 549 601 592 ³2³·
618 545 686 579 fine
704 549 774 580 iota
796 547 829 580 in
849 548 926 582 edd.
947 549 1131 588 omnibus,
1163 549 1209 582 cf.
1230 557 1263 588 1,
1286 557 1341 595 13,
1364 559 1420 584 12.
1438 559 1470 582 e.

140 663 268 707 Κομμ.)
297 660 374 698 Dio
399 664 527 707 (1234,
552 661 624 708 33.)
647 658 820 707 Κὸμμοδον
850 658 1076 709 ἔπωνὸμαζον.
1102 665 1217 699 Oxon.
1268 664 1382 711 Xiph.
1404 664 1441 700 S.
1464 674 1548 710 392,
1574 672 1628 706 18·

97 715 244 752 Comm.
268 712 520 761 appellabant,
550 711 595 746 ad
613 724 726 760 quem
747 713 873 748 locum
893 713 996 748 Fabr.
1016 716 1064 749 Ν.
1087 714 1130 748 ad
1151 714 1183 761 §.
1201 719 1254 755 82.
1273 714 1396 752 causas
1416 715 1583 751 eNostro
1597 727 1632 757 α,

98 779 133 812 5,
157 777 187 801 ι.
210 763 262 811 sq.
282 762 424 803 attulit,
451 761 618 798 faciente
634 763 718 798 Sch.
744 763 877 809 partim
899 775 982 799 cum
994 764 1058 811 Eg.
1082 767 1168 809 ,πὶ-ξ.
1187 774 1335 810 putant,
1357 763 1631 813 censentff-c’tae.

95 815 181 865 pass.
203 813 477 860 cognominari«
504 811 591 848 dum
609 813 670 862 Bg.
690 823 857 858 utroque
881 812 919 848 in
941 825 976 848 v.
996 811 1132 849 descrit
1154 813 1191 850 Ρ.
1208 838 1219 854 ,
1245 812 1398 850 liberior
1417 815 1456 849 in
1477 813 1545 852 inf.
1565 825 1631 860 pet

94 863 264 915 parricip.
281 888 292 904 ,
326 874 487 899 tenente
506 863 552 899 G.
576 862 652 898 Th.
674 874 760 899 cum
770 863 836 899 Gr.
855 876 893 899 n.
920 861 1531 911 „censi—putare,—decernere“
1553 875 1633 912 quo

95 928 191 954 extr.
211 913 316 949 sensu
336 913 396 947 hic
417 913 579 959 ceperim
593 937 604 952 ,
641 912 690 948 cf.
714 924 746 953 1,
771 924 804 956 5,
826 919 859 949 6.
879 926 934 953 e..
969 924 1013 950 ut
1031 925 1117 949 cum
1138 913 1221 949 Sch.
1241 926 1273 949 v.
1288 917 1389 951 ἂτσκ.
1410 927 1431 950 e
1449 923 1633 953 contextu

93 979 165 1015 pro
186 970 346 1003 {vi-moa)...
389 963 500 1010 quale
521 962 686 1009 compos.
709 974 749 999 et
774 963 892 999 Dioni
915 962 1131 1010 usurpatum
1156 963 1304 1003 videas.
1329 961 1518 1011 necsquafi
1537 975 1632 999 con·

93 1016 197 1055 fusae
215 1013 286 1051 iint
304 1014 442 1050 iterum
464 1013 550 1048 istae
572 1025 746 1060 praemi„
783 1013 846 1049 sed
876 1013 961 1062 quia
983 1012 1193 1060 prorniscue
1218 1013 1279 1050 illa
1307 1026 1342 1051 v.
1361 1026 1396 1050 v.
1417 1023 1632 1060 ponuntur,

94 1066 143 1104 cf.
174 1078 205 1106 1,
226 1075 262 1108 7,
279 1066 313 1100 6.
339 1077 371 1099 e.
401 1061 443 1099 it.
466 1075 553 1109 quia
569 1090 577 1104 ,
610 1063 787 1099 censente
810 1062 890 1100 Cic.
908 1075 967 1109 ap.
989 1064 1035 1099 ’3.
1053 1064 1126 1099 Th.
1146 1075 1231 1108 455,
1253 1075 1310 1099 12.
1336 1075 1491 1105 „nomen
1510 1074 1632 1112 quum

95 1115 278 1154 dicimus.
315 1123 533 1161 cognomen
556 1124 713 1161 quoque
729 1134 771 1140 —-
794 1112 1025 1161 intelligatur
1047 1121 1227 1159 ‹›portet“
1255 1111 1304 1151 cf.
1330 1127 1362 1155 1,
1383 1126 1418 1158 5,
1434 1124 1490 1149 ιι.
1542 1113 1634 1149 Cae·

93 1178 217 1204 terum
239 1163 300 1200 hic
321 1175 406 1200 cum
428 1164 490 1210 Eg.
513 1162 731 1211 §.priorem
748 1161 829 1199 finii
850 1174 891 1198 et
910 1175 994 1198 cum
1013 1164 1097 1200 edd.
1116 1163 1340 1210 quibusdam
1360 1175 1425 1210 per
1438 1161 1633 1211 punflum„

93 1229 138 1254 ut
157 1214 390 1252 restituerem
411 1225 492 1248 non
514 1212 677 1248 maximo
697 1212 896 1248 intervallo
917 1225 1118 1249 numerum
1140 1213 1174 1262 ᾧ.
1199 1225 1345 1255 novae,
1379 1212 1484 1260 supra
1506 1224 1631 1249 remo·
1693 1232 1695 1234 -

93 1279 198 1309 tum,
231 1276 317 1301 cum
335 1273 375 1300 et
394 1263 484 1299 alibi
506 1269 568 1306 τὲ,
603 1263 643 1299 in
664 1275 739 1309 quo
762 1263 802 1298 P.
821 1262 998 1306 liberior,
1037 1276 1173 1299 novam
1202 1260 1427 1299 sententiam
1449 1273 1488 1299 et
1515 1262 1549 1310 §.
1571 1261 1632 1298 in-

92 1319 225 1357 choet,
262 1325 302 1351 et
328 1314 367 1348 in
392 1324 483 1360 part.
511 1317 567 1358 ἐς.
594 1311 812 1359 suppleatur
830 1311 943 1348 facile
973 1325 1082 1360 pron.
1105 1315 1202 1350 αὐτοὶ
1224 1326 1245 1350 e
1269 1326 1324 1359 pr.
1347 1328 1468 1359 sear...
1505 1325 1524 1347 a
1550 1322 1630 1360 quo

91 1367 199 1405 subst.
219 1362 359 1411 alioqui
380 1362 492 1399 etiam
511 1362 587 1398 hoc
609 1363 820 1399 membrum
842 1362 1007 1409 pendere
1029 1363 1147 1410 potest
1161 1375 1227 1409 per
1238 1375 1395 1405 comma,
1414 1373 1631 1410 quanquam

92 1424 133 1456 τὲ
151 1415 380 1463 copulaturo
402 1412 468 1455 fic,
494 1423 538 1449 ut
559 1411 669 1455 alias,
698 1411 842 1449 diversa
865 1423 1038 1460 tempora
1060 1414 1263 1451 verborum
1278 1437 1290 1456 ,
1323 1412 1439 1461 praes.
1461 1422 1501 1448 et
1519 1410 1630 1460 impf-

91 1473 195 1511 ἄνειν.
210 1485 246 1494 -
264 1468 320 1511 ἆξ.
333 1483 373 1492 -·
390 1466 498 1509 ἔπεος.

137 1522 184 1555 τά
201 1531 240 1552 τε
265 1515 367 1559 anu.)
392 1512 477 1549 Sch.
509 1512 644 1559 partim
666 1526 687 1548 e
708 1513 748 1548 P.
778 1510 818 1548 in
845 1526 909 1552 „aa
929 1511 1150 1548 militaribus
1175 1510 1284 1560 signis
1303 1510 1492 1562 sublatis“
1518 1522 1631 1547 voca-

92 1568 226 1606 bulum
245 1566 320 1601 late
350 1575 484 1612 vagans
511 1561 559 1598 fic
589 1563 687 1599 bene
711 1560 1041 1603 circumscribens,
1077 1561 1126 1598 cf.
1148 1563 1231 1598 Ind.
1251 1561 1369 1598 Dion.
1391 1560 1469 1599 Cas.
1488 1571 1528 1598 et
1545 1562 1631 1609 Stp.

91 1618 168 1655 Th.
194 1627 227 1663 3,
246 1619 331 1658 768.
356 1614 406 1650 D.
423 1611 488 1650 sub
514 1627 579 1653 „e-
601 1611 768 1661 lignum,
802 1611 830 1648 i.
851 1609 1044 1653 vexillum,
1065 1631 1103 1641 -
1126 1615 1172 1649 τὰ
1200 1615 1237 1650 δὲ
1263 1619 1374 1657 cmc-‘³
1411 1609 1631 1648 memoriter

93 1681 160 1718 per
183 1665 384 1703 leffionem
403 1675 443 1699 et
464 1664 641 1710 copulam
658 1662 782 1698 aiiam.

136 1722 201 1757 τὰς
223 1721 270 1754 ἐκ.
291 1718 341 1756 λ.)
369 1712 449 1750 Pol.
467 1711 668 1761 (impolitis
695 1725 761 1760 que
789 1710 890 1749 illius
910 1711 1142 1759 imaginibus)
1168 1710 1318 1748 videtur
1335 1709 1463 1760 legisse
1480 1714 1633 1753 ἓτικατ..

90 1779 137 1806 'ut
156 1763 290 1805 Iuliani
323 1760 505 1813 imagines
535 1774 604 1810 pro
626 1761 832 1798 Pertinacis
858 1760 1085 1810 imaginibus
1114 1759 1328 1798 substitutae
1355 1760 1631 1807 intelligantur.

90 1816 166 1856 Sed
188 1816 286 1864 vulg.
307 1819 407 1852 ιἰποκ.
428 1812 612 1854 retinere,
653 1810 931 1858 commodique
952 1811 1134 1859 imagines
1163 1823 1238 1847 una
1258 1822 1342 1847 cum
1368 1810 1450 1846 eius
1473 1809 1631 1846 nomine

91 1866 278 1906 restitutas
297 1862 536 1911 intelligere,
563 1861 684 1903 nihil,
711 1873 755 1898 ut
775 1861 929 1910 quidem
949 1860 1121 1902 videtur,
1148 1871 1264 1897 vetat.
1283 1860 1376 1908 Sylb.
1427 1859 1558 1896 Vertit
1573 1858 1629 1900 Ρη

91 1915 192 1967 quasi
210 1919 356 1964 legeret
373 1918 464 1953 iai-m.
525 1911 599 1949 Sed
623 1910 858 1949 verisimilior
883 1910 933 1947 est
953 1911 1053 1960 vulg.
1073 1910 1208 1952 lestio,
1239 1910 1426 1947 lulianum
1446 1908 1494 1945 sc.
1516 1909 1633 1945 Com-

90 1966 197 2007 modi
219 1965 400 2013 imagines
420 1962 521 2000 velle
542 1961 727 1998 restitutas
742 1988 752 2003 ‚
779 1961 888 1998 cuius
910 1960 1130 1997 memoriam
1154 1960 1193 1996 in
1214 1959 1249 1996 se
1269 1959 1412 2007 recepit
1433 1957 1631 2000 restituen-

92 2021 190 2057 dam.
214 2017 331 2052 Oxon.
393 2015 491 2051 Cum
512 2014 552 2051 P.
571 2011 688 2048 sentit
710 2011 847 2058 Nieup.
870 2022 906 2058 p.
929 2020 1014 2055 484.
1072 2010 1286 2056 Stephanus
1304 2009 1371 2055 (in
1395 2022 1444 2045 m.
1468 2008 1529 2051 P.)
1555 2020 1631 2048 „ac

92 2066 272 2105 restitutis
289 2065 327 2100 in
350 2062 547 2109 pristinum
559 2062 702 2112 statum
725 2061 827 2099 illius
845 2061 1075 2109 imaginibus.
1129 2059 1172 2096 Id
1195 2060 1297 2095 enim
1321 2072 1393 2096 vox
1415 2060 1483 2098 Gr.
1503 2058 1630 2096 sonat:

93 2118 156 2157 sed
177 2113 472 2164 intelligendum
491 2110 564 2148 erit
586 2111 633 2148 de
653 2109 855 2149 Commodi
874 2110 1142 2159 imaginibu3.“
1196 2108 1364 2158 Figulius
1384 2109 1429 2144 de
1447 2107 1571 2144 statuis
1594 2120 1633 2155 p.

95 2172 179 2211 265·
204 2166 251 2202 de
274 2162 500 2212 imaginibus
512 2160 662 2204 Iuliani,
688 2161 729 2197 in
751 2162 876 2197 locum
889 2160 1094 2208 imaginum
1107 2158 1310 2196 Pertinacis
1325 2157 1434 2194 occifi
1446 2155 1631 2206 repositis.
1660 2194 1664 2195 ⁷

93 2221 155 2256 De
177 2214 404 2265 imaginibus
426 2211 641 2261 principum
663 2210 765 2248 inter
789 2209 912 2259 ligna,
950 2211 1073 2257 deque
1094 2222 1200 2246 more
1220 2221 1280 2244 eas
1301 2207 1410 2257 lignis
1430 2208 1632 2255 imponen-

94 2268 133 2304 di
152 2269 244 2303 Tac.
268 2266 342 2301 An.
361 2276 397 2310 4,
416 2275 451 2300 2.
470 2262 535 2307 (N.
551 2273 582 2306 ς.
604 2260 718 2309 Lips.)
741 2261 845 2298 Suet.
868 2259 1026 2306 Tib.48.
1048 2265 1099 2305 (e.
1120 2258 1178 2295 ed.
1201 2260 1326 2296 Burm.
1345 2260 1393 2295 Τ.
1417 2269 1448 2294 1.
1475 2269 1510 2305 p.
1529 2259 1630 2302 559.)

93 2316 258 2355 Tertull.
276 2314 390 2362 Apol.
409 2325 442 2349 c.
467 2315 523 2349 16.
553 2323 589 2359 p.
613 2317 692 2357 ¹⁶3·
716 2310 766 2358 sq.
795 2309 892 2357 Lips.
922 2309 969 2346 de
997 2308 1075 2347 mil.
1096 2322 1132 2355 4,
1155 2321 1187 2353 ς.
1219 2310 1312 2356 (Op.
1338 2309 1388 2344 T.
1413 2309 1466 2354 3.)
1486 2319 1522 2355 p.
1547 2312 1631 2349 168.

94 2374 148 2406 τέι
171 2382 250 2410 cam.
271 2363 413 2411 ἄραντες
431 2361 482 2399 est
503 2371 537 2403 8.
561 2371 579 2405 5
585 2384 595 2401 ν
616 2360 708 2408 (22·)
726 2365 790 2402 τὰς
809 2354 940 2402 εἰκόνας
962 2364 999 2398 ἐκ
1018 2368 1082 2398 τῶν
1104 2363 1247 2403 σημείων
1264 2365 1517 2400 κατασπῶντες.
1567 2357 1631 2392 De

94 2432 129 2453 v.
150 2421 409 2455 ὰποκατάςασις
430 2415 550 2460 Inttp.
570 2410 616 2447 ad
626 2410 708 2449 Ast.
730 2421 766 2458 3,
782 2422 840 2446 21.
867 2408 989 2447 Wolf.
1010 2421 1046 2457 p.
1061 2414 1167 2446 1061.
1181 2433 1194 2451 ‚
1219 2407 1282 2446 ubi
1300 2410 1483 2447 locumex
1495 2404 1630 2455 Polyb.

94 2469 199 2510 legis.
226 2466 343 2501 Leisn.

133 2510 151 2518 ⁹
192 2515 268 2561 Qi
291 2513 337 2550 ad
357 2513 406 2550 N.
428 2513 499 2549 Ox.
530 2510 665 2549 iterum
695 2520 813 2550 „cum
835 2509 918 2546 Pol.
947 2508 1062 2546 sentit
1080 2507 1220 2555 Nieup.
1241 2507 1336 2545 Ant.
1355 2507 1465 2544 Rom.
1489 2518 1525 2554 p.
1546 2512 1631 2550 484.
1667 2518 1675 2524 ·
1720 2527 1722 2534 ι

97 2565 179 2615 (ubi
200 2578 280 2602 mea
301 2563 360 2600 ed.
378 2562 476 2599 nihil
495 2561 721 2609 praebebat.)
743 2559 792 2597 cf.
813 2571 850 2606 Ρ,
872 2571 955 2604 279.
974 2572 1020 2595 ex
1040 2571 1116 2607 quo
1136 2559 1223 2594 loco
1243 2557 1353 2593 lestio
1372 2554 1550 2592 Politiani
1571 2552 1633 2590 fir·

97 2615 187 2654 mari
214 2615 364 2663 potest“
390 2612 556 2649 innuens
576 2622 653 2659 pag.
676 2613 749 2647 Ox.
770 2610 851 2652 ed.‚
879 2608 941 2645 ubi
961 2608 1053 2645 alter
1071 2607 1121 2644 est
1139 2605 1264 2645 Nostri
1282 2607 1403 2648 locus.
1428 2605 1474 2641 ab
1492 2604 1630 2642 eodem

99 2668 170 2703 iarn
191 2666 231 2702 in
255 2666 302 2702 N.
321 2673 580 2708 comparatus,
616 2665 678 2707 τάς
699 2675 738 2697 τε
757 2665 819 2697 εἲκ.
838 2664 874 2697 ἐκ
892 2675 925 2696 τ.
944 2674 977 2698 σ.
1000 2665 1226 2699 κατασπῶσι,
1257 2656 1359 2704 quod
1388 2655 1500 2703 plane
1528 2651 1631 2691 aliud.

97 2717 168 2758 est,
195 2726 305 2763 quam
326 2718 373 2750 τὲ
393 2728 471 2756 eam..
493 2711 618 2758 αἴρειν,
647 2721 742 2756 quae
759 2709 946 2750 formula,
978 2709 1057 2755 Stp.
1081 2709 1158 2744 Th.
1177 2706 1330 2756 ignota,
1361 2717 1443 2742 non
1462 2703 1631 2743 variante

97 2766 235 2805 Nostro
261 2763 300 2800 in
321 2775 354 2800 v.
375 2774 460 2799 cum
478 2758 512 2809 ᾗ.
538 2773 590 2809 pr.
611 2762 691 2807 aes.
705 2785 716 2802 ,
748 2758 1033 2807 convenitcum
1054 2756 1116 2793 illa
1143 2755 1308 2806 pleniori
1328 2768 1366 2799 2,
1385 2765 1420 2804 3.
1441 2767 1518 2801 5.e.
1539 2760 1576 2791 τι
1590 2769 1632 2795 εει,-
