<?xml version="1.0" encoding="UTF-8"?>
<!DOCTYPE html PUBLIC "-//W3C//DTD XHTML 1.0 Transitional//EN"
    "http://www.w3.org/TR/xhtml1/DTD/xhtml1-transitional.dtd">
<html xmlns="http://www.w3.org/1999/xhtml" xml:lang="en" lang="en">
 <head>
  <title>
</title>
<meta http-equiv="Content-Type" content="text/html;charset=utf-8" />
  <meta name='ocr-system' content='tesseract 3.04.00' />
  <meta name='ocr-capabilities' content='ocr_page ocr_carea ocr_par ocr_line ocrx_word'/>
</head>
<body>
  <div class='ocr_page' id='page_1' title='image "./historiarumlibri02hero/historiarumlibri02hero_0511.png"; bbox 0 0 1717 3082; ppageno 0'>
   <div class='ocr_carea' id='block_1_1' title="bbox 56 150 1570 339">
    <p class='ocr_par' dir='ltr' id='par_1_1' title="bbox 56 150 1570 339">
     <span class='ocr_line' id='line_1_1' title="bbox 89 150 1563 212; baseline 0.002 -16"><span class='ocrx_word' id='word_1_1' title='bbox 89 150 262 196; x_wconf 87' lang='lat' dir='ltr'><strong>LIBER</strong></span> <span class='ocrx_word' id='word_1_2' title='bbox 283 150 337 200; x_wconf 80' lang='grc' dir='ltr'>Π-</span> <span class='ocrx_word' id='word_1_3' title='bbox 373 151 498 197; x_wconf 85' lang='lat' dir='ltr'>CAP.</span> <span class='ocrx_word' id='word_1_4' title='bbox 514 151 631 194; x_wconf 87' lang='lat' dir='ltr'>XIV.</span> <span class='ocrx_word' id='word_1_5' title='bbox 662 154 716 196; x_wconf 92' lang='lat' dir='ltr'>A.</span> <span class='ocrx_word' id='word_1_6' title='bbox 744 153 796 197; x_wconf 87' lang='lat' dir='ltr'>V.</span> <span class='ocrx_word' id='word_1_7' title='bbox 823 152 872 197; x_wconf 89' lang='lat' dir='ltr'>C.</span> <span class='ocrx_word' id='word_1_8' title='bbox 896 150 1017 206; x_wconf 82' lang='grc'><strong>946.</strong></span> <span class='ocrx_word' id='word_1_9' title='bbox 1052 153 1191 199; x_wconf 83' lang='lat' dir='ltr'>CHR.</span> <span class='ocrx_word' id='word_1_10' title='bbox 1218 154 1282 197; x_wconf 77' lang='lat' dir='ltr'>N.</span> <span class='ocrx_word' id='word_1_11' title='bbox 1303 167 1320 197; x_wconf 94' lang='lat'>1</span> <span class='ocrx_word' id='word_1_12' title='bbox 1336 166 1419 210; x_wconf 84' lang='lat'>93.</span> <span class='ocrx_word' id='word_1_13' title='bbox 1463 167 1527 212; x_wconf 82' lang='lat'>45</span> <span class='ocrx_word' id='word_1_14' title='bbox 1547 170 1563 199; x_wconf 91' lang='lat'>1</span> 
     </span>
     <span class='ocr_line' id='line_1_2' title="bbox 56 261 1570 339; baseline 0.005 -25"><span class='ocrx_word' id='word_1_15' title='bbox 56 261 210 329; x_wconf 74' lang='grc' dir='ltr'>ψανον,</span> <span class='ocrx_word' id='word_1_16' title='bbox 223 262 452 313; x_wconf 67' lang='grc' dir='ltr'>κατελθὸν</span> <span class='ocrx_word' id='word_1_17' title='bbox 465 269 484 295; x_wconf 71' lang='grc' dir='ltr'><strong><em>Υ</em></strong></span> <span class='ocrx_word' id='word_1_18' title='bbox 495 263 569 313; x_wconf 72' lang='grc' dir='ltr'>ἐπὶ</span> <span class='ocrx_word' id='word_1_19' title='bbox 581 261 756 332; x_wconf 69' lang='grc' dir='ltr'><em>Θξᾳὶκην</em></span> <span class='ocrx_word' id='word_1_20' title='bbox 771 268 803 326; x_wconf 79' lang='lat'>²,</span> <span class='ocrx_word' id='word_1_21' title='bbox 840 271 930 334; x_wconf 76' lang='lat' dir='ltr'>piat</span> <span class='ocrx_word' id='word_1_22' title='bbox 937 286 1012 316; x_wconf 88' lang='lat' dir='ltr'>um</span> <span class='ocrx_word' id='word_1_23' title='bbox 1025 271 1248 336; x_wconf 86' lang='lat' dir='ltr'>reliquiae,</span> <span class='ocrx_word' id='word_1_24' title='bbox 1270 290 1339 320; x_wconf 83' lang='lat' dir='ltr'>eas</span> <span class='ocrx_word' id='word_1_25' title='bbox 1349 272 1570 339; x_wconf 60' lang='lat' dir='ltr'>profeRas</span> 
     </span>
    </p>
   </div>
   <div class='ocr_carea' id='block_1_2' title="bbox 52 405 1568 497">
    <p class='ocr_par' dir='ltr' id='par_1_2' title="bbox 52 405 1568 497">
     <span class='ocr_line' id='line_1_3' title="bbox 142 405 1568 451; baseline 0.003 -13"><span class='ocrx_word' id='word_1_26' title='bbox 142 406 180 451; x_wconf 78' lang='lat' dir='ltr'>y)</span> <span class='ocrx_word' id='word_1_27' title='bbox 204 406 237 438; x_wconf 84' lang='lat' dir='ltr'>B.</span> <span class='ocrx_word' id='word_1_28' title='bbox 256 410 403 439; x_wconf 65' lang='grc' dir='ltr'>κιτελὸὣν</span> <span class='ocrx_word' id='word_1_29' title='bbox 423 407 526 439; x_wconf 80' lang='lat' dir='ltr'>Leisn.</span> <span class='ocrx_word' id='word_1_30' title='bbox 552 405 585 438; x_wconf 71' lang='lat' dir='ltr'>in</span> <span class='ocrx_word' id='word_1_31' title='bbox 603 415 705 446; x_wconf 86' lang='lat' dir='ltr'>marg.</span> <span class='ocrx_word' id='word_1_32' title='bbox 726 409 769 439; x_wconf 90' lang='lat' dir='ltr'>A.</span> <span class='ocrx_word' id='word_1_33' title='bbox 788 415 875 443; x_wconf 63' lang='lat' dir='ltr'>unu,</span> <span class='ocrx_word' id='word_1_34' title='bbox 901 406 1045 438; x_wconf 83' lang='lat' dir='ltr'>innuens</span> <span class='ocrx_word' id='word_1_35' title='bbox 1058 408 1118 440; x_wconf 27' lang='lat' dir='ltr'>ed..</span> <span class='ocrx_word' id='word_1_36' title='bbox 1132 408 1252 446; x_wconf 80' lang='lat' dir='ltr'>nc.2.,</span> <span class='ocrx_word' id='word_1_37' title='bbox 1277 420 1310 440; x_wconf 81' lang='lat' dir='ltr'>v.</span> <span class='ocrx_word' id='word_1_38' title='bbox 1330 408 1376 442; x_wconf 92' lang='lat' dir='ltr'>N.</span> <span class='ocrx_word' id='word_1_39' title='bbox 1447 415 1478 451; x_wconf 88' lang='lat' dir='ltr'>z)</span> <span class='ocrx_word' id='word_1_40' title='bbox 1503 412 1568 445; x_wconf 85' lang='lat' dir='ltr'>Ms.</span> 
     </span>
     <span class='ocr_line' id='line_1_4' title="bbox 52 450 1443 497; baseline 0.002 -12"><span class='ocrx_word' id='word_1_41' title='bbox 52 452 109 485; x_wconf 80' lang='lat' dir='ltr'>Ba.</span> <span class='ocrx_word' id='word_1_42' title='bbox 127 453 276 484; x_wconf 59' lang='grc' dir='ltr'>κατελθὸν</span> <span class='ocrx_word' id='word_1_43' title='bbox 293 454 321 483; x_wconf 76' lang='grc' dir='ltr'>ἐν</span> <span class='ocrx_word' id='word_1_44' title='bbox 337 460 373 495; x_wconf 66' lang='grc' dir='ltr'>τῇ</span> <span class='ocrx_word' id='word_1_45' title='bbox 389 455 479 497; x_wconf 55' lang='grc' dir='ltr'>θρέκξ,</span> <span class='ocrx_word' id='word_1_46' title='bbox 501 460 555 489; x_wconf 54' lang='lat' dir='ltr'>h,</span> <span class='ocrx_word' id='word_1_47' title='bbox 579 452 635 484; x_wconf 88' lang='lat' dir='ltr'>sed</span> <span class='ocrx_word' id='word_1_48' title='bbox 652 450 719 482; x_wconf 71' lang='lat' dir='ltr'>sine</span> <span class='ocrx_word' id='word_1_49' title='bbox 738 451 808 482; x_wconf 84' lang='lat' dir='ltr'>iota</span> <span class='ocrx_word' id='word_1_50' title='bbox 823 452 857 483; x_wconf 90' lang='lat' dir='ltr'>in</span> <span class='ocrx_word' id='word_1_51' title='bbox 876 453 990 484; x_wconf 84' lang='lat' dir='ltr'>fronte</span> <span class='ocrx_word' id='word_1_52' title='bbox 1003 453 1036 484; x_wconf 84' lang='grc' dir='ltr'>Β.</span> <span class='ocrx_word' id='word_1_53' title='bbox 1048 463 1079 486; x_wconf 81' lang='lat'>2.</span> <span class='ocrx_word' id='word_1_54' title='bbox 1099 455 1132 486; x_wconf 86' lang='lat' dir='ltr'>L.</span> <span class='ocrx_word' id='word_1_55' title='bbox 1145 454 1190 485; x_wconf 89' lang='lat' dir='ltr'>al.</span> <span class='ocrx_word' id='word_1_56' title='bbox 1210 456 1332 493; x_wconf 82' lang='lat' dir='ltr'>etiam,</span> <span class='ocrx_word' id='word_1_57' title='bbox 1354 455 1443 489; x_wconf 90' lang='lat' dir='ltr'>v.N.</span> 
     </span>
    </p>
   </div>
   <div class='ocr_carea' id='block_1_3' title="bbox 41 561 1572 2832">
    <p class='ocr_par' dir='ltr' id='par_1_3' title="bbox 49 561 1569 760">
     <span class='ocr_line' id='line_1_5' title="bbox 96 561 1569 615; baseline 0.003 -13"><span class='ocrx_word' id='word_1_58' title='bbox 96 561 282 606; x_wconf 69' lang='grc' dir='ltr'><strong>κατελθὸν)</strong></span> <span class='ocrx_word' id='word_1_59' title='bbox 309 562 410 599; x_wconf 82' lang='lat' dir='ltr'>Male</span> <span class='ocrx_word' id='word_1_60' title='bbox 426 562 551 611; x_wconf 81' lang='lat' dir='ltr'>iungit</span> <span class='ocrx_word' id='word_1_61' title='bbox 563 564 640 600; x_wconf 86' lang='lat' dir='ltr'>Pol.</span> <span class='ocrx_word' id='word_1_62' title='bbox 662 567 753 607; x_wconf 74' lang='grc' dir='ltr'><em>λειφ.</em></span> <span class='ocrx_word' id='word_1_63' title='bbox 774 575 859 600; x_wconf 88' lang='lat' dir='ltr'>cum</span> <span class='ocrx_word' id='word_1_64' title='bbox 879 568 932 603; x_wconf 77' lang='grc' dir='ltr'>ἐπὶ</span> <span class='ocrx_word' id='word_1_65' title='bbox 946 575 1007 609; x_wconf 70' lang='lat' dir='ltr'>ee.</span> <span class='ocrx_word' id='word_1_66' title='bbox 1028 567 1357 615; x_wconf 69' lang='lat' dir='ltr'>(reliquiisluyrici</span> <span class='ocrx_word' id='word_1_67' title='bbox 1372 571 1569 613; x_wconf 73' lang='lat' dir='ltr'>exercitus.</span> 
     </span>
     <span class='ocr_line' id='line_1_6' title="bbox 50 612 1569 664; baseline 0.004 -14"><span class='ocrx_word' id='word_1_68' title='bbox 50 626 146 663; x_wconf 78' lang='lat' dir='ltr'>quae</span> <span class='ocrx_word' id='word_1_69' title='bbox 161 614 201 649; x_wconf 89' lang='lat' dir='ltr'>in</span> <span class='ocrx_word' id='word_1_70' title='bbox 219 612 381 649; x_wconf 84' lang='lat' dir='ltr'>Thracia</span> <span class='ocrx_word' id='word_1_71' title='bbox 400 614 668 663; x_wconf 42' lang='lat' dir='ltr'>remanserant,</span> <span class='ocrx_word' id='word_1_72' title='bbox 701 625 895 651; x_wconf 84' lang='lat' dir='ltr'>occurrere</span> <span class='ocrx_word' id='word_1_73' title='bbox 913 614 1034 660; x_wconf 66' lang='lat' dir='ltr'>itqffis.)</span> <span class='ocrx_word' id='word_1_74' title='bbox 1096 617 1175 664; x_wconf 82' lang='lat' dir='ltr'>Ego</span> <span class='ocrx_word' id='word_1_75' title='bbox 1198 617 1285 653; x_wconf 81' lang='lat' dir='ltr'>haec</span> <span class='ocrx_word' id='word_1_76' title='bbox 1309 620 1417 655; x_wconf 84' lang='lat' dir='ltr'>verba</span> <span class='ocrx_word' id='word_1_77' title='bbox 1441 637 1518 657; x_wconf 73' lang='grc' dir='ltr'>κατ.</span> <span class='ocrx_word' id='word_1_78' title='bbox 1541 627 1569 659; x_wconf 83' lang='grc' dir='ltr'>ἐ.</span> 
     </span>
     <span class='ocr_line' id='line_1_7' title="bbox 49 660 1569 718; baseline 0.006 -20"><span class='ocrx_word' id='word_1_79' title='bbox 49 675 115 709; x_wconf 63' lang='lat' dir='ltr'>og.</span> <span class='ocrx_word' id='word_1_80' title='bbox 135 663 290 698; x_wconf 83' lang='lat' dir='ltr'>tendere</span> <span class='ocrx_word' id='word_1_81' title='bbox 309 660 354 697; x_wconf 86' lang='lat' dir='ltr'>ad</span> <span class='ocrx_word' id='word_1_82' title='bbox 371 662 445 710; x_wconf 90' lang='lat' dir='ltr'>sqq.</span> <span class='ocrx_word' id='word_1_83' title='bbox 474 674 568 710; x_wconf 88' lang='lat' dir='ltr'>puto</span> <span class='ocrx_word' id='word_1_84' title='bbox 583 683 592 700; x_wconf 71' lang='lat'><em>2</em></span> <span class='ocrx_word' id='word_1_85' title='bbox 621 661 802 710; x_wconf 83' lang='lat' dir='ltr'>perinde,</span> <span class='ocrx_word' id='word_1_86' title='bbox 835 676 876 700; x_wconf 88' lang='lat' dir='ltr'>ac</span> <span class='ocrx_word' id='word_1_87' title='bbox 897 664 920 701; x_wconf 85' lang='lat' dir='ltr'>fi</span> <span class='ocrx_word' id='word_1_88' title='bbox 944 664 1082 702; x_wconf 60' lang='lat' dir='ltr'>dierum</span> <span class='ocrx_word' id='word_1_89' title='bbox 1104 665 1210 709; x_wconf 79' lang='lat' dir='ltr'>effer,</span> <span class='ocrx_word' id='word_1_90' title='bbox 1245 671 1424 706; x_wconf 62' lang='grc' dir='ltr'><em>κατελθεῖν</em></span> <span class='ocrx_word' id='word_1_91' title='bbox 1445 674 1470 707; x_wconf 84' lang='grc' dir='ltr'>ἐ.</span> <span class='ocrx_word' id='word_1_92' title='bbox 1492 671 1569 718; x_wconf 65' lang='lat' dir='ltr'>Oq..</span> 
     </span>
     <span class='ocr_line' id='line_1_8' title="bbox 49 710 622 760; baseline -0.003 -11"><span class='ocrx_word' id='word_1_93' title='bbox 49 712 152 760; x_wconf 70' lang='grc' dir='ltr'>κᾴκεῒ</span> <span class='ocrx_word' id='word_1_94' title='bbox 166 710 261 758; x_wconf 74' lang='grc' dir='ltr'>αὖτῷ</span> <span class='ocrx_word' id='word_1_95' title='bbox 288 715 476 756; x_wconf 78' lang='grc' dir='ltr'><strong><em>συντυχεῖν.</em></strong></span> <span class='ocrx_word' id='word_1_96' title='bbox 506 713 622 760; x_wconf 79' lang='lat' dir='ltr'>Steph.</span> 
     </span>
    </p>

    <p class='ocr_par' dir='ltr' id='par_1_4' title="bbox 41 761 1572 2832">
     <span class='ocr_line' id='line_1_9' title="bbox 150 761 1570 816; baseline 0.004 -20"><span class='ocrx_word' id='word_1_97' title='bbox 150 761 365 797; x_wconf 86' lang='lat' dir='ltr'>Secundum</span> <span class='ocrx_word' id='word_1_98' title='bbox 383 773 476 808; x_wconf 85' lang='lat' dir='ltr'>quae</span> <span class='ocrx_word' id='word_1_99' title='bbox 495 762 556 798; x_wconf 83' lang='lat' dir='ltr'>Sb.</span> <span class='ocrx_word' id='word_1_100' title='bbox 579 761 644 799; x_wconf 91' lang='lat' dir='ltr'>sub</span> <span class='ocrx_word' id='word_1_101' title='bbox 666 772 809 798; x_wconf 84' lang='lat' dir='ltr'>textum</span> <span class='ocrx_word' id='word_1_102' title='bbox 830 761 1017 802; x_wconf 74' lang='lat' dir='ltr'>reddidit,</span> <span class='ocrx_word' id='word_1_103' title='bbox 1047 773 1083 799; x_wconf 85' lang='lat' dir='ltr'>et</span> <span class='ocrx_word' id='word_1_104' title='bbox 1102 762 1126 800; x_wconf 84' lang='lat' dir='ltr'>fi</span> <span class='ocrx_word' id='word_1_105' title='bbox 1143 777 1232 813; x_wconf 83' lang='lat' dir='ltr'>quae</span> <span class='ocrx_word' id='word_1_106' title='bbox 1252 767 1373 803; x_wconf 85' lang='lat' dir='ltr'>adhuc</span> <span class='ocrx_word' id='word_1_107' title='bbox 1389 768 1428 803; x_wconf 85' lang='lat' dir='ltr'>in</span> <span class='ocrx_word' id='word_1_108' title='bbox 1450 768 1570 816; x_wconf 79' lang='lat' dir='ltr'>Illyri.</span> 
     </span>
     <span class='ocr_line' id='line_1_10' title="bbox 49 810 1569 863; baseline 0.005 -16"><span class='ocrx_word' id='word_1_109' title='bbox 49 823 96 847; x_wconf 85' lang='lat' dir='ltr'>co</span> <span class='ocrx_word' id='word_1_110' title='bbox 114 820 222 847; x_wconf 77' lang='lat' dir='ltr'>erant</span> <span class='ocrx_word' id='word_1_111' title='bbox 241 810 420 846; x_wconf 83' lang='lat' dir='ltr'>militares</span> <span class='ocrx_word' id='word_1_112' title='bbox 442 812 636 858; x_wconf 78' lang='lat' dir='ltr'>reliquiae,</span> <span class='ocrx_word' id='word_1_113' title='bbox 667 811 704 847; x_wconf 89' lang='lat' dir='ltr'>in</span> <span class='ocrx_word' id='word_1_114' title='bbox 729 811 920 847; x_wconf 76' lang='lat' dir='ltr'>Thraciam</span> <span class='ocrx_word' id='word_1_115' title='bbox 943 812 1184 855; x_wconf 75' lang='lat' dir='ltr'>descendere,</span> <span class='ocrx_word' id='word_1_116' title='bbox 1211 815 1262 850; x_wconf 69' lang='lat' dir='ltr'>ibi</span> <span class='ocrx_word' id='word_1_117' title='bbox 1282 827 1354 862; x_wconf 83' lang='lat' dir='ltr'>que</span> <span class='ocrx_word' id='word_1_118' title='bbox 1363 817 1478 863; x_wconf 81' lang='lat' dir='ltr'>secum</span> <span class='ocrx_word' id='word_1_119' title='bbox 1491 819 1569 854; x_wconf 87' lang='lat' dir='ltr'>coi-</span> 
     </span>
     <span class='ocr_line' id='line_1_11' title="bbox 47 858 1570 914; baseline 0.005 -18"><span class='ocrx_word' id='word_1_120' title='bbox 47 873 90 896; x_wconf 80' lang='lat' dir='ltr'>re</span> <span class='ocrx_word' id='word_1_121' title='bbox 105 858 221 911; x_wconf 65' lang='lat' dir='ltr'><em>iustu,</em></span> <span class='ocrx_word' id='word_1_122' title='bbox 247 858 412 896; x_wconf 83' lang='lat' dir='ltr'>resoluto</span> <span class='ocrx_word' id='word_1_123' title='bbox 432 859 583 907; x_wconf 82' lang='lat' dir='ltr'>quidem</span> <span class='ocrx_word' id='word_1_124' title='bbox 599 861 766 906; x_wconf 82' lang='lat' dir='ltr'>particip.</span> <span class='ocrx_word' id='word_1_125' title='bbox 787 862 1012 908; x_wconf 78' lang='lat' dir='ltr'>acluppleto</span> <span class='ocrx_word' id='word_1_126' title='bbox 1025 862 1106 897; x_wconf 81' lang='lat' dir='ltr'>adv.</span> <span class='ocrx_word' id='word_1_127' title='bbox 1126 863 1211 904; x_wconf 86' lang='lat' dir='ltr'>loci,</span> <span class='ocrx_word' id='word_1_128' title='bbox 1234 877 1326 912; x_wconf 83' lang='lat' dir='ltr'>quae</span> <span class='ocrx_word' id='word_1_129' title='bbox 1339 868 1396 914; x_wconf 76' lang='lat' dir='ltr'>ssg.</span> <span class='ocrx_word' id='word_1_130' title='bbox 1414 867 1570 913; x_wconf 82' lang='lat' dir='ltr'>respuit,</span> 
     </span>
     <span class='ocr_line' id='line_1_12' title="bbox 49 908 1571 960; baseline 0.003 -15"><span class='ocrx_word' id='word_1_131' title='bbox 49 909 190 945; x_wconf 83' lang='lat' dir='ltr'>addens</span> <span class='ocrx_word' id='word_1_132' title='bbox 216 908 329 945; x_wconf 85' lang='lat' dir='ltr'>modo</span> <span class='ocrx_word' id='word_1_133' title='bbox 349 921 455 955; x_wconf 83' lang='lat' dir='ltr'>pron.</span> <span class='ocrx_word' id='word_1_134' title='bbox 482 909 678 945; x_wconf 87' lang='lat' dir='ltr'>demonstr.</span> <span class='ocrx_word' id='word_1_135' title='bbox 700 910 827 949; x_wconf 60' lang='grc' dir='ltr'>αὐτὸΔζ</span> <span class='ocrx_word' id='word_1_136' title='bbox 845 913 970 953; x_wconf 78' lang='grc' dir='ltr'><em>τοῦτο,</em></span> <span class='ocrx_word' id='word_1_137' title='bbox 1004 913 1104 958; x_wconf 84' lang='lat' dir='ltr'>quod</span> <span class='ocrx_word' id='word_1_138' title='bbox 1136 915 1287 960; x_wconf 85' lang='lat' dir='ltr'>proprie</span> <span class='ocrx_word' id='word_1_139' title='bbox 1315 915 1417 952; x_wconf 67' lang='lat' dir='ltr'>iuvat</span> <span class='ocrx_word' id='word_1_140' title='bbox 1436 916 1571 953; x_wconf 69' lang='grc' dir='ltr'>τεξὶὶο-</span> 
     </span>
     <span class='ocr_line' id='line_1_13' title="bbox 46 957 1568 1005; baseline 0.005 -11"><span class='ocrx_word' id='word_1_141' title='bbox 46 971 137 995; x_wconf 85' lang='lat' dir='ltr'>nem</span> <span class='ocrx_word' id='word_1_142' title='bbox 158 958 199 994; x_wconf 86' lang='lat' dir='ltr'>in</span> <span class='ocrx_word' id='word_1_143' title='bbox 217 971 250 993; x_wconf 91' lang='lat' dir='ltr'>v.</span> <span class='ocrx_word' id='word_1_144' title='bbox 275 963 383 999; x_wconf 74' lang='grc' dir='ltr'>ἐκελ.,</span> <span class='ocrx_word' id='word_1_145' title='bbox 416 957 477 994; x_wconf 77' lang='lat' dir='ltr'>sed</span> <span class='ocrx_word' id='word_1_146' title='bbox 509 958 661 1005; x_wconf 81' lang='lat' dir='ltr'>respicit</span> <span class='ocrx_word' id='word_1_147' title='bbox 687 957 791 996; x_wconf 81' lang='lat' dir='ltr'>firnul</span> <span class='ocrx_word' id='word_1_148' title='bbox 814 973 866 1005; x_wconf 90' lang='lat' dir='ltr'>pr.</span> <span class='ocrx_word' id='word_1_149' title='bbox 887 960 987 1000; x_wconf 74' lang='grc' dir='ltr'><em>εἴτι,</em></span> <span class='ocrx_word' id='word_1_150' title='bbox 1023 973 1150 997; x_wconf 70' lang='lat' dir='ltr'>niente</span> <span class='ocrx_word' id='word_1_151' title='bbox 1181 975 1451 1002; x_wconf 81' lang='lat' dir='ltr'>commutatum</span> <span class='ocrx_word' id='word_1_152' title='bbox 1482 978 1568 1002; x_wconf 84' lang='lat' dir='ltr'>cum</span> 
     </span>
     <span class='ocr_line' id='line_1_14' title="bbox 47 1007 1570 1060; baseline 0.006 -17"><span class='ocrx_word' id='word_1_153' title='bbox 47 1020 155 1056; x_wconf 88' lang='lat' dir='ltr'>pron.</span> <span class='ocrx_word' id='word_1_154' title='bbox 184 1008 290 1044; x_wconf 86' lang='lat' dir='ltr'>relat.</span> <span class='ocrx_word' id='word_1_155' title='bbox 323 1020 431 1055; x_wconf 73' lang='lat' dir='ltr'>quae,</span> <span class='ocrx_word' id='word_1_156' title='bbox 465 1009 528 1044; x_wconf 87' lang='lat' dir='ltr'>ubi</span> <span class='ocrx_word' id='word_1_157' title='bbox 559 1007 708 1055; x_wconf 86' lang='lat' dir='ltr'>proprie</span> <span class='ocrx_word' id='word_1_158' title='bbox 733 1008 770 1044; x_wconf 84' lang='lat' dir='ltr'>in</span> <span class='ocrx_word' id='word_1_159' title='bbox 793 1011 860 1046; x_wconf 85' lang='lat' dir='ltr'>Gr.</span> <span class='ocrx_word' id='word_1_160' title='bbox 889 1007 1002 1045; x_wconf 44' lang='lat' dir='ltr'>rectio</span> <span class='ocrx_word' id='word_1_161' title='bbox 1025 1009 1074 1045; x_wconf 90' lang='lat' dir='ltr'>est</span> <span class='ocrx_word' id='word_1_162' title='bbox 1094 1008 1263 1052; x_wconf 74' lang='lat' dir='ltr'>inversa,</span> <span class='ocrx_word' id='word_1_163' title='bbox 1292 1025 1330 1049; x_wconf 88' lang='lat' dir='ltr'>et</span> <span class='ocrx_word' id='word_1_164' title='bbox 1352 1015 1457 1051; x_wconf 78' lang='lat' dir='ltr'>subst-</span> <span class='ocrx_word' id='word_1_165' title='bbox 1478 1021 1570 1060; x_wconf 69' lang='grc' dir='ltr'><strong><em>λειψ.</em></strong></span> 
     </span>
     <span class='ocr_line' id='line_1_15' title="bbox 46 1055 1572 1106; baseline 0.006 -13"><span class='ocrx_word' id='word_1_166' title='bbox 46 1056 226 1093; x_wconf 69' lang='lat' dir='ltr'>reiestum</span> <span class='ocrx_word' id='word_1_167' title='bbox 246 1055 324 1104; x_wconf 90' lang='lat' dir='ltr'>post</span> <span class='ocrx_word' id='word_1_168' title='bbox 344 1068 450 1103; x_wconf 80' lang='lat' dir='ltr'>pron.</span> <span class='ocrx_word' id='word_1_169' title='bbox 473 1056 575 1093; x_wconf 81' lang='lat' dir='ltr'>relat.</span> <span class='ocrx_word' id='word_1_170' title='bbox 597 1057 622 1092; x_wconf 89' lang='lat' dir='ltr'>s.</span> <span class='ocrx_word' id='word_1_171' title='bbox 646 1056 721 1102; x_wconf 88' lang='lat' dir='ltr'>syn.</span> <span class='ocrx_word' id='word_1_172' title='bbox 742 1058 844 1099; x_wconf 73' lang='grc' dir='ltr'><strong><em>εἵτι,</em></strong></span> <span class='ocrx_word' id='word_1_173' title='bbox 880 1070 948 1105; x_wconf 85' lang='lat' dir='ltr'>pro</span> <span class='ocrx_word' id='word_1_174' title='bbox 970 1057 1098 1094; x_wconf 87' lang='lat' dir='ltr'>severo</span> <span class='ocrx_word' id='word_1_175' title='bbox 1123 1060 1254 1096; x_wconf 87' lang='lat' dir='ltr'>ordine</span> <span class='ocrx_word' id='word_1_176' title='bbox 1275 1061 1432 1106; x_wconf 68' lang='grc' dir='ltr'>λείψανὸν</span> <span class='ocrx_word' id='word_1_177' title='bbox 1450 1081 1488 1101; x_wconf 81' lang='grc' dir='ltr'>τε</span> <span class='ocrx_word' id='word_1_178' title='bbox 1508 1068 1572 1102; x_wconf 79' lang='grc' dir='ltr'>τοῦ</span> 
     </span>
     <span class='ocr_line' id='line_1_16' title="bbox 47 1101 1571 1160; baseline 0.005 -18"><span class='ocrx_word' id='word_1_179' title='bbox 47 1123 98 1153; x_wconf 68' lang='lat'>5?-</span> <span class='ocrx_word' id='word_1_180' title='bbox 113 1131 124 1148; x_wconf 66' lang='lat'>2</span> <span class='ocrx_word' id='word_1_181' title='bbox 160 1106 194 1143; x_wconf 74' lang='grc' dir='ltr'>εἷ</span> <span class='ocrx_word' id='word_1_182' title='bbox 208 1123 241 1143; x_wconf 79' lang='grc' dir='ltr'>τι</span> <span class='ocrx_word' id='word_1_183' title='bbox 261 1101 298 1148; x_wconf 60' lang='grc' dir='ltr'>ἦν</span> <span class='ocrx_word' id='word_1_184' title='bbox 317 1110 349 1144; x_wconf 81' lang='grc' dir='ltr'>ἐν</span> <span class='ocrx_word' id='word_1_185' title='bbox 367 1122 399 1143; x_wconf 80' lang='grc' dir='ltr'>τ.</span> <span class='ocrx_word' id='word_1_186' title='bbox 420 1105 500 1146; x_wconf 56' lang='lat' dir='ltr'>’Hah</span> <span class='ocrx_word' id='word_1_187' title='bbox 522 1118 574 1148; x_wconf 82' lang='grc' dir='ltr'>λ.,</span> <span class='ocrx_word' id='word_1_188' title='bbox 607 1116 765 1142; x_wconf 86' lang='lat' dir='ltr'>notante</span> <span class='ocrx_word' id='word_1_189' title='bbox 777 1107 900 1144; x_wconf 80' lang='lat' dir='ltr'>Leisn.</span> <span class='ocrx_word' id='word_1_190' title='bbox 921 1108 964 1145; x_wconf 84' lang='lat' dir='ltr'>ad</span> <span class='ocrx_word' id='word_1_191' title='bbox 986 1120 1033 1143; x_wconf 87' lang='lat' dir='ltr'>m.</span> <span class='ocrx_word' id='word_1_192' title='bbox 1054 1110 1124 1144; x_wconf 88' lang='lat' dir='ltr'>Ox.</span> <span class='ocrx_word' id='word_1_193' title='bbox 1143 1126 1221 1147; x_wconf 68' lang='grc' dir='ltr'>κατ.</span> <span class='ocrx_word' id='word_1_194' title='bbox 1249 1113 1416 1151; x_wconf 78' lang='lat' dir='ltr'>„Matth.</span> <span class='ocrx_word' id='word_1_195' title='bbox 1437 1124 1491 1160; x_wconf 65' lang='grc' dir='ltr'>ις,</span> <span class='ocrx_word' id='word_1_196' title='bbox 1506 1121 1571 1148; x_wconf 79' lang='lat'>2.“</span> 
     </span>
     <span class='ocr_line' id='line_1_17' title="bbox 46 1155 1568 1208; baseline 0.003 -16"><span class='ocrx_word' id='word_1_197' title='bbox 46 1155 111 1192; x_wconf 89' lang='lat' dir='ltr'>ubi</span> <span class='ocrx_word' id='word_1_198' title='bbox 134 1155 226 1192; x_wconf 85' lang='lat' dir='ltr'>nihil</span> <span class='ocrx_word' id='word_1_199' title='bbox 246 1155 390 1201; x_wconf 84' lang='lat' dir='ltr'>reperi,</span> <span class='ocrx_word' id='word_1_200' title='bbox 421 1167 458 1191; x_wconf 79' lang='lat' dir='ltr'>at</span> <span class='ocrx_word' id='word_1_201' title='bbox 479 1156 516 1190; x_wconf 88' lang='lat' dir='ltr'>in</span> <span class='ocrx_word' id='word_1_202' title='bbox 537 1157 576 1192; x_wconf 90' lang='lat' dir='ltr'>L.</span> <span class='ocrx_word' id='word_1_203' title='bbox 599 1156 647 1192; x_wconf 91' lang='lat' dir='ltr'>N.</span> <span class='ocrx_word' id='word_1_204' title='bbox 669 1156 717 1191; x_wconf 89' lang='lat' dir='ltr'>T.</span> <span class='ocrx_word' id='word_1_205' title='bbox 745 1157 814 1192; x_wconf 80' lang='lat' dir='ltr'>alia</span> <span class='ocrx_word' id='word_1_206' title='bbox 836 1157 918 1192; x_wconf 84' lang='lat' dir='ltr'>loca</span> <span class='ocrx_word' id='word_1_207' title='bbox 948 1155 986 1192; x_wconf 85' lang='lat' dir='ltr'>in</span> <span class='ocrx_word' id='word_1_208' title='bbox 1009 1170 1040 1191; x_wconf 89' lang='lat' dir='ltr'>v.</span> <span class='ocrx_word' id='word_1_209' title='bbox 1061 1174 1091 1195; x_wconf 85' lang='grc' dir='ltr'>κ.</span> <span class='ocrx_word' id='word_1_210' title='bbox 1116 1170 1197 1195; x_wconf 91' lang='lat' dir='ltr'>cum</span> <span class='ocrx_word' id='word_1_211' title='bbox 1222 1173 1274 1207; x_wconf 89' lang='lat' dir='ltr'>pr.</span> <span class='ocrx_word' id='word_1_212' title='bbox 1299 1167 1343 1203; x_wconf 76' lang='grc' dir='ltr'>εἰς</span> <span class='ocrx_word' id='word_1_213' title='bbox 1366 1162 1443 1208; x_wconf 81' lang='lat' dir='ltr'>syn.</span> <span class='ocrx_word' id='word_1_214' title='bbox 1495 1165 1568 1201; x_wconf 79' lang='lat' dir='ltr'>Sed</span> 
     </span>
     <span class='ocr_line' id='line_1_18' title="bbox 45 1203 1569 1251; baseline 0.005 -11"><span class='ocrx_word' id='word_1_215' title='bbox 45 1206 130 1241; x_wconf 80' lang='lat' dir='ltr'>sch.</span> <span class='ocrx_word' id='word_1_216' title='bbox 153 1203 228 1240; x_wconf 80' lang='lat' dir='ltr'>fine</span> <span class='ocrx_word' id='word_1_217' title='bbox 247 1204 341 1241; x_wconf 89' lang='lat' dir='ltr'>vitio</span> <span class='ocrx_word' id='word_1_218' title='bbox 362 1203 429 1240; x_wconf 85' lang='lat' dir='ltr'>illo</span> <span class='ocrx_word' id='word_1_219' title='bbox 449 1217 640 1251; x_wconf 84' lang='lat' dir='ltr'>operarum</span> <span class='ocrx_word' id='word_1_220' title='bbox 662 1205 699 1240; x_wconf 89' lang='lat' dir='ltr'>in</span> <span class='ocrx_word' id='word_1_221' title='bbox 723 1216 851 1247; x_wconf 83' lang='lat' dir='ltr'>textu,</span> <span class='ocrx_word' id='word_1_222' title='bbox 887 1209 989 1251; x_wconf 85' lang='lat' dir='ltr'>(curn</span> <span class='ocrx_word' id='word_1_223' title='bbox 1012 1206 1072 1242; x_wconf 87' lang='lat' dir='ltr'>vix</span> <span class='ocrx_word' id='word_1_224' title='bbox 1090 1209 1248 1250; x_wconf 85' lang='lat' dir='ltr'>credam,</span> <span class='ocrx_word' id='word_1_225' title='bbox 1277 1210 1450 1250; x_wconf 63' lang='grc' dir='ltr'>κατελθῶν</span> <span class='ocrx_word' id='word_1_226' title='bbox 1462 1213 1569 1250; x_wconf 82' lang='lat' dir='ltr'>masc.</span> 
     </span>
     <span class='ocr_line' id='line_1_19' title="bbox 45 1252 1571 1306; baseline 0.005 -15"><span class='ocrx_word' id='word_1_227' title='bbox 45 1267 184 1304; x_wconf 88' lang='lat' dir='ltr'>genere</span> <span class='ocrx_word' id='word_1_228' title='bbox 203 1266 286 1290; x_wconf 85' lang='lat' dir='ltr'>cum</span> <span class='ocrx_word' id='word_1_229' title='bbox 311 1263 430 1290; x_wconf 86' lang='lat' dir='ltr'>neutr.</span> <span class='ocrx_word' id='word_1_230' title='bbox 450 1252 556 1290; x_wconf 84' lang='lat' dir='ltr'>subst.</span> <span class='ocrx_word' id='word_1_231' title='bbox 575 1252 736 1302; x_wconf 81' lang='lat' dir='ltr'>aliquem</span> <span class='ocrx_word' id='word_1_232' title='bbox 760 1257 854 1292; x_wconf 76' lang='lat' dir='ltr'>velle</span> <span class='ocrx_word' id='word_1_233' title='bbox 875 1255 1049 1292; x_wconf 82' lang='lat' dir='ltr'>sustinere</span> <span class='ocrx_word' id='word_1_234' title='bbox 1066 1256 1128 1293; x_wconf 90' lang='lat' dir='ltr'>hic</span> <span class='ocrx_word' id='word_1_235' title='bbox 1149 1256 1283 1295; x_wconf 86' lang='lat' dir='ltr'>iterum</span> <span class='ocrx_word' id='word_1_236' title='bbox 1299 1285 1307 1300; x_wconf 88' lang='lat'><strong>‚</strong></span> <span class='ocrx_word' id='word_1_237' title='bbox 1333 1261 1380 1298; x_wconf 81' lang='lat' dir='ltr'>cf.</span> <span class='ocrx_word' id='word_1_238' title='bbox 1408 1274 1438 1302; x_wconf 84' lang='grc' dir='ltr'>ι,</span> <span class='ocrx_word' id='word_1_239' title='bbox 1461 1273 1515 1305; x_wconf 85' lang='lat'>17,</span> <span class='ocrx_word' id='word_1_240' title='bbox 1537 1274 1571 1306; x_wconf 84' lang='lat'>7.</span> 
     </span>
     <span class='ocr_line' id='line_1_20' title="bbox 44 1303 1570 1360; baseline 0.004 -18"><span class='ocrx_word' id='word_1_241' title='bbox 44 1317 96 1342; x_wconf 89' lang='lat' dir='ltr'>m.</span> <span class='ocrx_word' id='word_1_242' title='bbox 120 1303 164 1340; x_wconf 84' lang='lat' dir='ltr'>ad</span> <span class='ocrx_word' id='word_1_243' title='bbox 187 1305 354 1348; x_wconf 64' lang='grc' dir='ltr'>εἰσδραμ.)</span> <span class='ocrx_word' id='word_1_244' title='bbox 383 1319 443 1342; x_wconf 79' lang='grc' dir='ltr'>,,κ.</span> <span class='ocrx_word' id='word_1_245' title='bbox 468 1306 492 1339; x_wconf 82' lang='grc' dir='ltr'>ἐ.</span> <span class='ocrx_word' id='word_1_246' title='bbox 507 1313 568 1348; x_wconf 64' lang='lat' dir='ltr'>Oq.</span> <span class='ocrx_word' id='word_1_247' title='bbox 583 1304 660 1340; x_wconf 84' lang='lat' dir='ltr'>Pol.</span> <span class='ocrx_word' id='word_1_248' title='bbox 675 1304 763 1339; x_wconf 83' lang='lat' dir='ltr'>haec</span> <span class='ocrx_word' id='word_1_249' title='bbox 784 1305 982 1353; x_wconf 83' lang='lat' dir='ltr'>coniungit</span> <span class='ocrx_word' id='word_1_250' title='bbox 1003 1316 1088 1342; x_wconf 89' lang='lat' dir='ltr'>cum</span> <span class='ocrx_word' id='word_1_251' title='bbox 1104 1312 1217 1352; x_wconf 75' lang='grc' dir='ltr'><strong><em>λειφ.,</em></strong></span> <span class='ocrx_word' id='word_1_252' title='bbox 1243 1309 1314 1345; x_wconf 91' lang='lat' dir='ltr'>hoc</span> <span class='ocrx_word' id='word_1_253' title='bbox 1326 1309 1441 1353; x_wconf 82' lang='lat' dir='ltr'>sensu,</span> <span class='ocrx_word' id='word_1_254' title='bbox 1466 1313 1570 1360; x_wconf 76' lang='lat' dir='ltr'>reliq.</span> 
     </span>
     <span class='ocr_line' id='line_1_21' title="bbox 44 1351 1567 1407; baseline 0.005 -18"><span class='ocrx_word' id='word_1_255' title='bbox 44 1365 136 1403; x_wconf 81' lang='lat' dir='ltr'>quae</span> <span class='ocrx_word' id='word_1_256' title='bbox 153 1354 191 1388; x_wconf 84' lang='lat' dir='ltr'>in</span> <span class='ocrx_word' id='word_1_257' title='bbox 213 1351 297 1388; x_wconf 66' lang='grc' dir='ltr'><em>Ίϊν.</em></span> <span class='ocrx_word' id='word_1_258' title='bbox 315 1365 401 1388; x_wconf 86' lang='lat' dir='ltr'>rem.</span> <span class='ocrx_word' id='word_1_259' title='bbox 455 1352 526 1388; x_wconf 50' lang='lat' dir='ltr'>*ed</span> <span class='ocrx_word' id='word_1_260' title='bbox 539 1354 614 1398; x_wconf 87' lang='lat' dir='ltr'>Stp.</span> <span class='ocrx_word' id='word_1_261' title='bbox 640 1365 720 1388; x_wconf 86' lang='lat' dir='ltr'>non</span> <span class='ocrx_word' id='word_1_262' title='bbox 741 1355 835 1389; x_wconf 84' lang='lat' dir='ltr'>male</span> <span class='ocrx_word' id='word_1_263' title='bbox 857 1356 1001 1396; x_wconf 78' lang='lat' dir='ltr'>censet,</span> <span class='ocrx_word' id='word_1_264' title='bbox 1028 1354 1115 1391; x_wconf 85' lang='lat' dir='ltr'>haec</span> <span class='ocrx_word' id='word_1_265' title='bbox 1134 1358 1292 1394; x_wconf 86' lang='lat' dir='ltr'>tendere</span> <span class='ocrx_word' id='word_1_266' title='bbox 1310 1359 1353 1394; x_wconf 85' lang='lat' dir='ltr'>ad</span> <span class='ocrx_word' id='word_1_267' title='bbox 1366 1359 1465 1407; x_wconf 61' lang='lat' dir='ltr'>sqq„</span> <span class='ocrx_word' id='word_1_268' title='bbox 1494 1361 1567 1397; x_wconf 87' lang='lat' dir='ltr'>hoc</span> 
     </span>
     <span class='ocr_line' id='line_1_22' title="bbox 44 1401 1568 1451; baseline 0.002 -11"><span class='ocrx_word' id='word_1_269' title='bbox 44 1401 171 1444; x_wconf 83' lang='lat' dir='ltr'>sensu,</span> <span class='ocrx_word' id='word_1_270' title='bbox 202 1402 377 1450; x_wconf 81' lang='lat' dir='ltr'>reliquias</span> <span class='ocrx_word' id='word_1_271' title='bbox 396 1401 435 1437; x_wconf 87' lang='lat' dir='ltr'>in</span> <span class='ocrx_word' id='word_1_272' title='bbox 455 1402 650 1437; x_wconf 75' lang='lat' dir='ltr'>Thraciam</span> <span class='ocrx_word' id='word_1_273' title='bbox 671 1404 810 1438; x_wconf 71' lang='lat' dir='ltr'>delatas</span> <span class='ocrx_word' id='word_1_274' title='bbox 829 1402 891 1439; x_wconf 82' lang='lat' dir='ltr'>fibi</span> <span class='ocrx_word' id='word_1_275' title='bbox 923 1417 1034 1439; x_wconf 63' lang='lat' dir='ltr'>ocem-1·</span> <span class='ocrx_word' id='word_1_276' title='bbox 1048 1418 1108 1441; x_wconf 85' lang='lat' dir='ltr'>ere</span> <span class='ocrx_word' id='word_1_277' title='bbox 1122 1429 1133 1444; x_wconf 85' lang='lat'>‚</span> <span class='ocrx_word' id='word_1_278' title='bbox 1165 1422 1199 1443; x_wconf 81' lang='grc' dir='ltr'>σ.</span> <span class='ocrx_word' id='word_1_279' title='bbox 1219 1417 1281 1444; x_wconf 68' lang='grc' dir='ltr'>τινὶ</span> <span class='ocrx_word' id='word_1_280' title='bbox 1295 1434 1305 1451; x_wconf 86' lang='grc'><em>,</em></span> <span class='ocrx_word' id='word_1_281' title='bbox 1339 1409 1568 1446; x_wconf 58' lang='lat' dir='ltr'>occurreres.</span> 
     </span>
     <span class='ocr_line' id='line_1_23' title="bbox 44 1451 1569 1505; baseline 0.004 -16"><span class='ocrx_word' id='word_1_282' title='bbox 44 1453 212 1489; x_wconf 68' lang='lat' dir='ltr'>obvenire</span> <span class='ocrx_word' id='word_1_283' title='bbox 233 1451 373 1487; x_wconf 77' lang='lat' dir='ltr'>alieui&lt;‘</span> <span class='ocrx_word' id='word_1_284' title='bbox 412 1462 568 1498; x_wconf 87' lang='lat' dir='ltr'>quorum</span> <span class='ocrx_word' id='word_1_285' title='bbox 603 1451 725 1497; x_wconf 84' lang='lat' dir='ltr'>priora</span> <span class='ocrx_word' id='word_1_286' title='bbox 746 1455 806 1501; x_wconf 85' lang='lat' dir='ltr'>ssg.</span> <span class='ocrx_word' id='word_1_287' title='bbox 829 1453 985 1495; x_wconf 72' lang='lat' dir='ltr'>viderit,</span> <span class='ocrx_word' id='word_1_288' title='bbox 1024 1454 1236 1501; x_wconf 76' lang='lat' dir='ltr'>exprimens</span> <span class='ocrx_word' id='word_1_289' title='bbox 1262 1457 1357 1494; x_wconf 82' lang='lat' dir='ltr'>idem</span> <span class='ocrx_word' id='word_1_290' title='bbox 1384 1471 1491 1505; x_wconf 84' lang='lat' dir='ltr'>pron.</span> <span class='ocrx_word' id='word_1_291' title='bbox 1519 1459 1569 1500; x_wconf 68' lang='lat' dir='ltr'>oe‘..</span> 
     </span>
     <span class='ocr_line' id='line_1_24' title="bbox 46 1499 1568 1554; baseline 0.002 -17"><span class='ocrx_word' id='word_1_292' title='bbox 46 1500 215 1537; x_wconf 82' lang='lat' dir='ltr'>omiffum</span> <span class='ocrx_word' id='word_1_293' title='bbox 239 1513 255 1536; x_wconf 86' lang='lat' dir='ltr'>a</span> <span class='ocrx_word' id='word_1_294' title='bbox 277 1500 317 1536; x_wconf 82' lang='grc' dir='ltr'>Ρ.</span> <span class='ocrx_word' id='word_1_295' title='bbox 337 1526 347 1542; x_wconf 90' lang='grc'><em>,</em></span> <span class='ocrx_word' id='word_1_296' title='bbox 371 1499 484 1547; x_wconf 83' lang='lat' dir='ltr'>idque&#39;</span> <span class='ocrx_word' id='word_1_297' title='bbox 498 1513 560 1545; x_wconf 90' lang='lat' dir='ltr'>per</span> <span class='ocrx_word' id='word_1_298' title='bbox 580 1501 747 1547; x_wconf 79' lang='lat' dir='ltr'>asperum</span> <span class='ocrx_word' id='word_1_299' title='bbox 767 1504 812 1538; x_wconf 91' lang='lat' dir='ltr'>de</span> <span class='ocrx_word' id='word_1_300' title='bbox 822 1503 902 1539; x_wconf 83' lang='lat' dir='ltr'>Lat.</span> <span class='ocrx_word' id='word_1_301' title='bbox 924 1506 1070 1539; x_wconf 82' lang='lat' dir='ltr'>ratione</span> <span class='ocrx_word' id='word_1_302' title='bbox 1082 1505 1130 1539; x_wconf 91' lang='lat' dir='ltr'>ob</span> <span class='ocrx_word' id='word_1_303' title='bbox 1145 1517 1165 1538; x_wconf 90' lang='grc' dir='ltr'>ν</span> <span class='ocrx_word' id='word_1_304' title='bbox 1199 1509 1286 1543; x_wconf 62' lang='grc' dir='ltr'><em>ἐκελ.</em></span> <span class='ocrx_word' id='word_1_305' title='bbox 1300 1531 1310 1546; x_wconf 88' lang='grc'>,</span> <span class='ocrx_word' id='word_1_306' title='bbox 1339 1507 1376 1544; x_wconf 88' lang='lat' dir='ltr'>in</span> <span class='ocrx_word' id='word_1_307' title='bbox 1391 1521 1466 1554; x_wconf 82' lang='lat' dir='ltr'>quo</span> <span class='ocrx_word' id='word_1_308' title='bbox 1478 1511 1568 1545; x_wconf 77' lang='lat' dir='ltr'><strong>Mss,</strong></span> 
     </span>
     <span class='ocr_line' id='line_1_25' title="bbox 44 1549 1569 1606; baseline 0.004 -19"><span class='ocrx_word' id='word_1_309' title='bbox 44 1549 265 1588; x_wconf 78' lang='lat' dir='ltr'>varietatem</span> <span class='ocrx_word' id='word_1_310' title='bbox 293 1550 398 1596; x_wconf 81' lang='lat' dir='ltr'>saepe</span> <span class='ocrx_word' id='word_1_311' title='bbox 426 1549 622 1586; x_wconf 83' lang='lat' dir='ltr'>habuimus</span> <span class='ocrx_word' id='word_1_312' title='bbox 654 1550 757 1593; x_wconf 78' lang='lat' dir='ltr'>supra</span> <span class='ocrx_word' id='word_1_313' title='bbox 781 1562 819 1587; x_wconf 88' lang='lat' dir='ltr'>et</span> <span class='ocrx_word' id='word_1_314' title='bbox 839 1552 1062 1589; x_wconf 82' lang='lat' dir='ltr'>contrariam</span> <span class='ocrx_word' id='word_1_315' title='bbox 1092 1552 1153 1589; x_wconf 85' lang='lat' dir='ltr'>hic</span> <span class='ocrx_word' id='word_1_316' title='bbox 1174 1553 1204 1600; x_wconf 83' lang='lat'>§.</span> <span class='ocrx_word' id='word_1_317' title='bbox 1229 1555 1335 1598; x_wconf 82' lang='lat' dir='ltr'>init.,</span> <span class='ocrx_word' id='word_1_318' title='bbox 1380 1563 1471 1604; x_wconf 83' lang='lat' dir='ltr'>(quo</span> <span class='ocrx_word' id='word_1_319' title='bbox 1504 1571 1569 1606; x_wconf 77' lang='lat' dir='ltr'>per</span> 
     </span>
     <span class='ocr_line' id='line_1_26' title="bbox 45 1597 1569 1652; baseline 0.005 -17"><span class='ocrx_word' id='word_1_320' title='bbox 45 1597 364 1645; x_wconf 84' lang='lat' dir='ltr'>comparationem</span> <span class='ocrx_word' id='word_1_321' title='bbox 386 1598 557 1634; x_wconf 83' lang='lat' dir='ltr'>librarius</span> <span class='ocrx_word' id='word_1_322' title='bbox 584 1598 723 1645; x_wconf 65' lang='lat' dir='ltr'>spetlet</span> <span class='ocrx_word' id='word_1_323' title='bbox 740 1601 811 1636; x_wconf 69' lang='lat' dir='ltr'>Ms.</span> <span class='ocrx_word' id='word_1_324' title='bbox 836 1602 943 1643; x_wconf 78' lang='lat' dir='ltr'>Sch..</span> <span class='ocrx_word' id='word_1_325' title='bbox 977 1600 1042 1637; x_wconf 79' lang='lat' dir='ltr'>nifi</span> <span class='ocrx_word' id='word_1_326' title='bbox 1065 1613 1103 1638; x_wconf 88' lang='lat' dir='ltr'>et</span> <span class='ocrx_word' id='word_1_327' title='bbox 1123 1602 1182 1638; x_wconf 82' lang='lat' dir='ltr'>hic</span> <span class='ocrx_word' id='word_1_328' title='bbox 1203 1605 1321 1650; x_wconf 69' lang='lat' dir='ltr'>lapsus</span> <span class='ocrx_word' id='word_1_329' title='bbox 1342 1604 1505 1652; x_wconf 75' lang='lat' dir='ltr'>incidit.)</span> <span class='ocrx_word' id='word_1_330' title='bbox 1526 1619 1569 1643; x_wconf 78' lang='lat' dir='ltr'>uc</span> 
     </span>
     <span class='ocr_line' id='line_1_27' title="bbox 46 1648 1569 1697; baseline 0.006 -14"><span class='ocrx_word' id='word_1_331' title='bbox 46 1648 93 1684; x_wconf 81' lang='lat' dir='ltr'>ad</span> <span class='ocrx_word' id='word_1_332' title='bbox 120 1660 149 1688; x_wconf 89' lang='grc' dir='ltr'>ι,</span> <span class='ocrx_word' id='word_1_333' title='bbox 175 1659 231 1687; x_wconf 80' lang='grc' dir='ltr'>ιι,</span> <span class='ocrx_word' id='word_1_334' title='bbox 256 1660 311 1684; x_wconf 84' lang='grc' dir='ltr'>ιο.</span> <span class='ocrx_word' id='word_1_335' title='bbox 334 1648 359 1683; x_wconf 88' lang='lat' dir='ltr'>i.</span> <span class='ocrx_word' id='word_1_336' title='bbox 386 1662 502 1691; x_wconf 73' lang='grc' dir='ltr'><em>γενομ.</em></span> <span class='ocrx_word' id='word_1_337' title='bbox 523 1652 554 1683; x_wconf 75' lang='grc' dir='ltr'>ἐν</span> <span class='ocrx_word' id='word_1_338' title='bbox 573 1652 650 1688; x_wconf 63' lang='grc' dir='ltr'>ταῖς</span> <span class='ocrx_word' id='word_1_339' title='bbox 671 1660 702 1684; x_wconf 72' lang='lat'>2..</span> <span class='ocrx_word' id='word_1_340' title='bbox 725 1649 915 1697; x_wconf 80' lang='lat' dir='ltr'>enallagen</span> <span class='ocrx_word' id='word_1_341' title='bbox 937 1650 1111 1697; x_wconf 60' lang='lat' dir='ltr'>inampr.</span> <span class='ocrx_word' id='word_1_342' title='bbox 1132 1656 1184 1692; x_wconf 76' lang='grc' dir='ltr'>ἐν,</span> <span class='ocrx_word' id='word_1_343' title='bbox 1215 1666 1281 1697; x_wconf 87' lang='lat' dir='ltr'>pro</span> <span class='ocrx_word' id='word_1_344' title='bbox 1295 1655 1373 1695; x_wconf 74' lang='grc' dir='ltr'>εἷςίῖ</span> <span class='ocrx_word' id='word_1_345' title='bbox 1388 1661 1457 1695; x_wconf 74' lang='grc' dir='ltr'>ἐπὶ,</span> <span class='ocrx_word' id='word_1_346' title='bbox 1484 1669 1569 1693; x_wconf 85' lang='lat' dir='ltr'>cum</span> 
     </span>
     <span class='ocr_line' id='line_1_28' title="bbox 46 1693 1568 1751; baseline 0.007 -19"><span class='ocrx_word' id='word_1_347' title='bbox 46 1709 82 1734; x_wconf 89' lang='lat' dir='ltr'>v.</span> <span class='ocrx_word' id='word_1_348' title='bbox 104 1707 163 1734; x_wconf 74' lang='lat' dir='ltr'>v..</span> <span class='ocrx_word' id='word_1_349' title='bbox 200 1707 342 1732; x_wconf 86' lang='lat' dir='ltr'>motum</span> <span class='ocrx_word' id='word_1_350' title='bbox 374 1693 686 1743; x_wconf 66' lang='lat' dir='ltr'>fignificantibus‚</span> <span class='ocrx_word' id='word_1_351' title='bbox 729 1709 805 1745; x_wconf 91' lang='lat' dir='ltr'>quo</span> <span class='ocrx_word' id='word_1_352' title='bbox 835 1698 1030 1735; x_wconf 83' lang='lat' dir='ltr'>referenda</span> <span class='ocrx_word' id='word_1_353' title='bbox 1061 1699 1172 1736; x_wconf 73' lang='lat' dir='ltr'>leffio</span> <span class='ocrx_word' id='word_1_354' title='bbox 1202 1703 1271 1737; x_wconf 86' lang='lat' dir='ltr'>Ms.</span> <span class='ocrx_word' id='word_1_355' title='bbox 1293 1705 1351 1739; x_wconf 84' lang='lat' dir='ltr'>Ba.</span> <span class='ocrx_word' id='word_1_356' title='bbox 1374 1709 1406 1741; x_wconf 73' lang='grc' dir='ltr'>ἐν</span> <span class='ocrx_word' id='word_1_357' title='bbox 1423 1707 1467 1750; x_wconf 69' lang='grc' dir='ltr'>τῇ</span> <span class='ocrx_word' id='word_1_358' title='bbox 1489 1716 1568 1751; x_wconf 55' lang='lat' dir='ltr'>Qu,</span> 
     </span>
     <span class='ocr_line' id='line_1_29' title="bbox 46 1744 1568 1794; baseline 0.007 -15"><span class='ocrx_word' id='word_1_359' title='bbox 46 1746 154 1794; x_wconf 85' lang='lat' dir='ltr'>quale</span> <span class='ocrx_word' id='word_1_360' title='bbox 176 1744 265 1791; x_wconf 89' lang='lat' dir='ltr'>quid</span> <span class='ocrx_word' id='word_1_361' title='bbox 286 1746 368 1780; x_wconf 87' lang='lat' dir='ltr'>sane</span> <span class='ocrx_word' id='word_1_362' title='bbox 387 1756 442 1790; x_wconf 83' lang='lat' dir='ltr'>ap.</span> <span class='ocrx_word' id='word_1_363' title='bbox 462 1745 542 1780; x_wconf 67' lang='lat' dir='ltr'>Aes.</span> <span class='ocrx_word' id='word_1_364' title='bbox 570 1745 612 1778; x_wconf 81' lang='lat' dir='ltr'>V.</span> <span class='ocrx_word' id='word_1_365' title='bbox 637 1746 672 1782; x_wconf 81' lang='lat' dir='ltr'>h.</span> <span class='ocrx_word' id='word_1_366' title='bbox 694 1760 728 1789; x_wconf 79' lang='lat'>4,</span> <span class='ocrx_word' id='word_1_367' title='bbox 752 1755 806 1786; x_wconf 80' lang='lat'>18.</span> <span class='ocrx_word' id='word_1_368' title='bbox 831 1748 853 1782; x_wconf 89' lang='lat' dir='ltr'>i.</span> <span class='ocrx_word' id='word_1_369' title='bbox 878 1749 1033 1790; x_wconf 63' lang='lat' dir='ltr'>uxr-‚7232</span> <span class='ocrx_word' id='word_1_370' title='bbox 1050 1769 1088 1776; x_wconf 93' lang='lat'>—-</span> <span class='ocrx_word' id='word_1_371' title='bbox 1107 1754 1139 1786; x_wconf 69' lang='grc' dir='ltr'>ἐν</span> <span class='ocrx_word' id='word_1_372' title='bbox 1160 1757 1312 1792; x_wconf 70' lang='grc' dir='ltr'>Σικελία,</span> <span class='ocrx_word' id='word_1_373' title='bbox 1344 1754 1381 1787; x_wconf 81' lang='lat' dir='ltr'>in</span> <span class='ocrx_word' id='word_1_374' title='bbox 1406 1753 1568 1791; x_wconf 80' lang='lat' dir='ltr'>Siciliam</span> 
     </span>
     <span class='ocr_line' id='line_1_30' title="bbox 45 1790 1569 1846; baseline 0.007 -17"><span class='ocrx_word' id='word_1_375' title='bbox 45 1795 211 1833; x_wconf 75' lang='lat' dir='ltr'>veniret,</span> <span class='ocrx_word' id='word_1_376' title='bbox 239 1793 302 1829; x_wconf 86' lang='lat' dir='ltr'>ubi</span> <span class='ocrx_word' id='word_1_377' title='bbox 324 1795 404 1829; x_wconf 85' lang='lat' dir='ltr'>Per.</span> <span class='ocrx_word' id='word_1_378' title='bbox 423 1790 534 1829; x_wconf 81' lang='lat' dir='ltr'>etiam</span> <span class='ocrx_word' id='word_1_379' title='bbox 556 1804 746 1839; x_wconf 81' lang='lat' dir='ltr'>comparat</span> <span class='ocrx_word' id='word_1_380' title='bbox 768 1795 816 1830; x_wconf 89' lang='lat' dir='ltr'>N.</span> <span class='ocrx_word' id='word_1_381' title='bbox 832 1796 878 1831; x_wconf 89' lang='lat' dir='ltr'>T.</span> <span class='ocrx_word' id='word_1_382' title='bbox 901 1798 986 1831; x_wconf 77' lang='lat' dir='ltr'>Luc.</span> <span class='ocrx_word' id='word_1_383' title='bbox 1012 1807 1069 1843; x_wconf 75' lang='lat'>23,</span> <span class='ocrx_word' id='word_1_384' title='bbox 1083 1811 1136 1844; x_wconf 86' lang='lat'>4²·</span> <span class='ocrx_word' id='word_1_385' title='bbox 1151 1822 1161 1838; x_wconf 88' lang='lat'>‚</span> <span class='ocrx_word' id='word_1_386' title='bbox 1194 1794 1302 1846; x_wconf 80' lang='lat' dir='ltr'>quein</span> <span class='ocrx_word' id='word_1_387' title='bbox 1324 1801 1423 1838; x_wconf 79' lang='lat' dir='ltr'>forte</span> <span class='ocrx_word' id='word_1_388' title='bbox 1442 1803 1569 1840; x_wconf 81' lang='lat' dir='ltr'>Leisn.</span> 
     </span>
     <span class='ocr_line' id='line_1_31' title="bbox 46 1841 1567 1894; baseline 0.007 -16"><span class='ocrx_word' id='word_1_389' title='bbox 46 1842 86 1880; x_wconf 88' lang='lat' dir='ltr'>in</span> <span class='ocrx_word' id='word_1_390' title='bbox 111 1854 237 1878; x_wconf 87' lang='lat' dir='ltr'>mente</span> <span class='ocrx_word' id='word_1_391' title='bbox 255 1841 386 1878; x_wconf 82' lang='lat' dir='ltr'>habuit</span> <span class='ocrx_word' id='word_1_392' title='bbox 406 1854 470 1888; x_wconf 90' lang='lat' dir='ltr'>pro</span> <span class='ocrx_word' id='word_1_393' title='bbox 490 1842 564 1877; x_wconf 72' lang='lat' dir='ltr'>iuis</span> <span class='ocrx_word' id='word_1_394' title='bbox 584 1853 711 1883; x_wconf 83' lang='lat' dir='ltr'>antea;</span> <span class='ocrx_word' id='word_1_395' title='bbox 745 1842 803 1879; x_wconf 85' lang='lat' dir='ltr'>hic</span> <span class='ocrx_word' id='word_1_396' title='bbox 825 1857 868 1880; x_wconf 83' lang='lat' dir='ltr'>nt</span> <span class='ocrx_word' id='word_1_397' title='bbox 888 1845 1105 1882; x_wconf 71' lang='lat' dir='ltr'>Gloffatoris</span> <span class='ocrx_word' id='word_1_398' title='bbox 1128 1860 1241 1894; x_wconf 86' lang='lat' dir='ltr'>opera</span> <span class='ocrx_word' id='word_1_399' title='bbox 1261 1851 1467 1893; x_wconf 81' lang='lat' dir='ltr'>accesserit.</span> <span class='ocrx_word' id='word_1_400' title='bbox 1503 1866 1567 1889; x_wconf 83' lang='lat' dir='ltr'>ex-</span> 
     </span>
     <span class='ocr_line' id='line_1_32' title="bbox 45 1890 1567 1947; baseline 0.007 -19"><span class='ocrx_word' id='word_1_401' title='bbox 45 1890 217 1940; x_wconf 75' lang='lat' dir='ltr'>quilitius</span> <span class='ocrx_word' id='word_1_402' title='bbox 236 1891 328 1939; x_wconf 89' lang='lat' dir='ltr'>quid</span> <span class='ocrx_word' id='word_1_403' title='bbox 346 1890 497 1927; x_wconf 83' lang='lat' dir='ltr'>aliunde</span> <span class='ocrx_word' id='word_1_404' title='bbox 518 1890 791 1934; x_wconf 83' lang='lat' dir='ltr'>substituentis,</span> <span class='ocrx_word' id='word_1_405' title='bbox 823 1905 865 1930; x_wconf 90' lang='lat' dir='ltr'>ut</span> <span class='ocrx_word' id='word_1_406' title='bbox 885 1894 994 1935; x_wconf 80' lang='lat' dir='ltr'>alibi,</span> <span class='ocrx_word' id='word_1_407' title='bbox 1034 1895 1116 1940; x_wconf 80' lang='lat' dir='ltr'>(nisi</span> <span class='ocrx_word' id='word_1_408' title='bbox 1142 1897 1264 1940; x_wconf 87' lang='lat' dir='ltr'>idem,</span> <span class='ocrx_word' id='word_1_409' title='bbox 1301 1917 1330 1936; x_wconf 81' lang='grc' dir='ltr'>κ.</span> <span class='ocrx_word' id='word_1_410' title='bbox 1355 1913 1419 1947; x_wconf 87' lang='lat' dir='ltr'>per</span> <span class='ocrx_word' id='word_1_411' title='bbox 1444 1902 1479 1936; x_wconf 87' lang='lat' dir='ltr'>se</span> <span class='ocrx_word' id='word_1_412' title='bbox 1510 1915 1567 1938; x_wconf 86' lang='lat' dir='ltr'>ca-</span> 
     </span>
     <span class='ocr_line' id='line_1_33' title="bbox 44 1939 1566 1991; baseline 0.007 -14"><span class='ocrx_word' id='word_1_413' title='bbox 44 1941 153 1990; x_wconf 85' lang='lat' dir='ltr'>piens</span> <span class='ocrx_word' id='word_1_414' title='bbox 168 1964 178 1978; x_wconf 82' lang='lat'><strong>‚</strong></span> <span class='ocrx_word' id='word_1_415' title='bbox 212 1945 243 1978; x_wconf 80' lang='grc' dir='ltr'>ἐν</span> <span class='ocrx_word' id='word_1_416' title='bbox 262 1941 306 1985; x_wconf 74' lang='grc' dir='ltr'>τῇ</span> <span class='ocrx_word' id='word_1_417' title='bbox 328 1950 390 1987; x_wconf 67' lang='grc' dir='ltr'>Θς.</span> <span class='ocrx_word' id='word_1_418' title='bbox 411 1939 544 1976; x_wconf 83' lang='lat' dir='ltr'>retulit</span> <span class='ocrx_word' id='word_1_419' title='bbox 562 1942 605 1976; x_wconf 85' lang='lat' dir='ltr'>ad</span> <span class='ocrx_word' id='word_1_420' title='bbox 619 1940 667 1988; x_wconf 82' lang='lat' dir='ltr'>sq.</span> <span class='ocrx_word' id='word_1_421' title='bbox 692 1953 724 1975; x_wconf 85' lang='grc' dir='ltr'>ν.</span> <span class='ocrx_word' id='word_1_422' title='bbox 749 1958 840 1979; x_wconf 81' lang='grc' dir='ltr'><em>συντ.</em></span> <span class='ocrx_word' id='word_1_423' title='bbox 857 1968 867 1984; x_wconf 85' lang='grc'><em>,</em></span> <span class='ocrx_word' id='word_1_424' title='bbox 895 1943 993 1980; x_wconf 71' lang='lat' dir='ltr'>unde</span> <span class='ocrx_word' id='word_1_425' title='bbox 1014 1943 1169 1982; x_wconf 79' lang='lat' dir='ltr'>fortaffis</span> <span class='ocrx_word' id='word_1_426' title='bbox 1195 1960 1295 1984; x_wconf 87' lang='lat' dir='ltr'>error</span> <span class='ocrx_word' id='word_1_427' title='bbox 1319 1950 1354 1984; x_wconf 73' lang='lat' dir='ltr'>P.</span> <span class='ocrx_word' id='word_1_428' title='bbox 1375 1950 1513 1991; x_wconf 82' lang='lat' dir='ltr'>extitit,</span> <span class='ocrx_word' id='word_1_429' title='bbox 1543 1950 1566 1987; x_wconf 73' lang='lat' dir='ltr'>st</span> 
     </span>
     <span class='ocr_line' id='line_1_34' title="bbox 45 1988 1566 2042; baseline 0.005 -16"><span class='ocrx_word' id='word_1_430' title='bbox 45 1991 202 2027; x_wconf 79' lang='lat' dir='ltr'>eandem</span> <span class='ocrx_word' id='word_1_431' title='bbox 222 1989 303 2025; x_wconf 64' lang='lat' dir='ltr'>leet.</span> <span class='ocrx_word' id='word_1_432' title='bbox 324 1991 363 2025; x_wconf 89' lang='lat' dir='ltr'>in</span> <span class='ocrx_word' id='word_1_433' title='bbox 385 1988 451 2025; x_wconf 88' lang='lat' dir='ltr'>suo</span> <span class='ocrx_word' id='word_1_434' title='bbox 472 1988 566 2025; x_wconf 85' lang='lat' dir='ltr'>Cod.</span> <span class='ocrx_word' id='word_1_435' title='bbox 588 1989 787 2032; x_wconf 63' lang='lat' dir='ltr'>habuesim</span> <span class='ocrx_word' id='word_1_436' title='bbox 815 2003 879 2028; x_wconf 83' lang='lat' dir='ltr'>aut</span> <span class='ocrx_word' id='word_1_437' title='bbox 901 1992 1035 2030; x_wconf 84' lang='lat' dir='ltr'>scribae</span> <span class='ocrx_word' id='word_1_438' title='bbox 1054 1995 1172 2041; x_wconf 84' lang='lat' dir='ltr'>lapsus</span> <span class='ocrx_word' id='word_1_439' title='bbox 1200 1995 1472 2042; x_wconf 77' lang='lat' dir='ltr'>intervenerit,</span> <span class='ocrx_word' id='word_1_440' title='bbox 1513 2006 1566 2037; x_wconf 71' lang='grc' dir='ltr'>ἐπὶ</span> 
     </span>
     <span class='ocr_line' id='line_1_35' title="bbox 45 2037 1566 2096; baseline 0.006 -20"><span class='ocrx_word' id='word_1_441' title='bbox 45 2052 114 2096; x_wconf 71' lang='lat' dir='ltr'>per</span> <span class='ocrx_word' id='word_1_442' title='bbox 131 2044 163 2076; x_wconf 76' lang='grc' dir='ltr'>ἐν</span> <span class='ocrx_word' id='word_1_443' title='bbox 181 2042 227 2086; x_wconf 67' lang='grc' dir='ltr'>τῇ</span> <span class='ocrx_word' id='word_1_444' title='bbox 249 2038 486 2086; x_wconf 81' lang='lat' dir='ltr'>accipientis,</span> <span class='ocrx_word' id='word_1_445' title='bbox 509 2037 715 2084; x_wconf 83' lang='lat' dir='ltr'>escriptura</span> <span class='ocrx_word' id='word_1_446' title='bbox 735 2041 905 2089; x_wconf 78' lang='lat' dir='ltr'>ambigua</span> <span class='ocrx_word' id='word_1_447' title='bbox 924 2041 1024 2079; x_wconf 79' lang='lat' dir='ltr'>iuius</span> <span class='ocrx_word' id='word_1_448' title='bbox 1039 2049 1181 2091; x_wconf 59' lang='lat' dir='ltr'>praep„</span> <span class='ocrx_word' id='word_1_449' title='bbox 1206 2046 1323 2091; x_wconf 65' lang='lat' dir='ltr'>quali&gt;-</span> <span class='ocrx_word' id='word_1_450' title='bbox 1337 2048 1566 2085; x_wconf 86' lang='lat' dir='ltr'>etiamnunc</span> 
     </span>
     <span class='ocr_line' id='line_1_36' title="bbox 43 2085 1566 2146; baseline 0.008 -23"><span class='ocrx_word' id='word_1_451' title='bbox 43 2101 84 2126; x_wconf 86' lang='lat' dir='ltr'>m</span> <span class='ocrx_word' id='word_1_452' title='bbox 108 2091 151 2124; x_wconf 86' lang='lat' dir='ltr'>A.</span> <span class='ocrx_word' id='word_1_453' title='bbox 168 2099 196 2124; x_wconf 85' lang='lat'>1.</span> <span class='ocrx_word' id='word_1_454' title='bbox 218 2098 343 2128; x_wconf 85' lang='lat' dir='ltr'>extat,</span> <span class='ocrx_word' id='word_1_455' title='bbox 378 2087 439 2124; x_wconf 87' lang='lat' dir='ltr'>sed</span> <span class='ocrx_word' id='word_1_456' title='bbox 467 2099 510 2122; x_wconf 91' lang='lat' dir='ltr'>ut</span> <span class='ocrx_word' id='word_1_457' title='bbox 537 2085 642 2122; x_wconf 84' lang='lat' dir='ltr'>fimul</span> <span class='ocrx_word' id='word_1_458' title='bbox 673 2100 774 2125; x_wconf 84' lang='lat' dir='ltr'>error</span> <span class='ocrx_word' id='word_1_459' title='bbox 796 2090 931 2127; x_wconf 87' lang='lat' dir='ltr'>iterum</span> <span class='ocrx_word' id='word_1_460' title='bbox 958 2090 1133 2129; x_wconf 87' lang='lat' dir='ltr'>inciderit</span> <span class='ocrx_word' id='word_1_461' title='bbox 1162 2094 1202 2130; x_wconf 81' lang='lat' dir='ltr'>in</span> <span class='ocrx_word' id='word_1_462' title='bbox 1228 2113 1262 2136; x_wconf 79' lang='grc' dir='ltr'>ν,</span> <span class='ocrx_word' id='word_1_463' title='bbox 1297 2109 1364 2141; x_wconf 86' lang='lat' dir='ltr'>pro</span> <span class='ocrx_word' id='word_1_464' title='bbox 1390 2096 1464 2134; x_wconf 81' lang='lat' dir='ltr'>iota</span> <span class='ocrx_word' id='word_1_465' title='bbox 1488 2098 1566 2146; x_wconf 89' lang='lat' dir='ltr'>post</span> 
     </span>
     <span class='ocr_line' id='line_1_37' title="bbox 41 2136 1565 2192; baseline 0.007 -19"><span class='ocrx_word' id='word_1_466' title='bbox 41 2137 184 2185; x_wconf 80' lang='lat' dir='ltr'>scripto</span> <span class='ocrx_word' id='word_1_467' title='bbox 203 2137 245 2173; x_wconf 81' lang='lat' dir='ltr'>in</span> <span class='ocrx_word' id='word_1_468' title='bbox 265 2149 366 2174; x_wconf 89' lang='lat' dir='ltr'>nom.</span> <span class='ocrx_word' id='word_1_469' title='bbox 386 2136 553 2184; x_wconf 84' lang='lat' dir='ltr'>propri0‚</span> <span class='ocrx_word' id='word_1_470' title='bbox 578 2137 638 2172; x_wconf 82' lang='lat' dir='ltr'>ubi</span> <span class='ocrx_word' id='word_1_471' title='bbox 653 2136 728 2173; x_wconf 82' lang='lat' dir='ltr'>iota</span> <span class='ocrx_word' id='word_1_472' title='bbox 747 2139 991 2187; x_wconf 62' lang='lat' dir='ltr'>subscriptum</span> <span class='ocrx_word' id='word_1_473' title='bbox 1008 2141 1046 2177; x_wconf 85' lang='lat' dir='ltr'>in</span> <span class='ocrx_word' id='word_1_474' title='bbox 1061 2141 1203 2181; x_wconf 81' lang='lat' dir='ltr'>fronte.</span> <span class='ocrx_word' id='word_1_475' title='bbox 1233 2146 1465 2192; x_wconf 84' lang='lat' dir='ltr'>probabilem</span> <span class='ocrx_word' id='word_1_476' title='bbox 1479 2159 1565 2183; x_wconf 84' lang='lat' dir='ltr'>cau-</span> 
     </span>
     <span class='ocr_line' id='line_1_38' title="bbox 42 2187 1562 2243; baseline -0.003 -18"><span class='ocrx_word' id='word_1_477' title='bbox 42 2187 115 2225; x_wconf 84' lang='lat' dir='ltr'>sam</span> <span class='ocrx_word' id='word_1_478' title='bbox 139 2187 301 2229; x_wconf 83' lang='lat' dir='ltr'>habens,</span> <span class='ocrx_word' id='word_1_479' title='bbox 340 2199 373 2222; x_wconf 90' lang='lat' dir='ltr'>v.</span> <span class='ocrx_word' id='word_1_480' title='bbox 400 2187 477 2232; x_wconf 85' lang='lat' dir='ltr'>Stp.</span> <span class='ocrx_word' id='word_1_481' title='bbox 493 2187 566 2221; x_wconf 80' lang='lat' dir='ltr'>Th.</span> <span class='ocrx_word' id='word_1_482' title='bbox 595 2198 627 2227; x_wconf 80' lang='lat'>1,</span> <span class='ocrx_word' id='word_1_483' title='bbox 653 2195 755 2233; x_wconf 80' lang='lat'>1583.</span> <span class='ocrx_word' id='word_1_484' title='bbox 778 2188 826 2225; x_wconf 89' lang='lat' dir='ltr'>G.</span> <span class='ocrx_word' id='word_1_485' title='bbox 846 2201 895 2224; x_wconf 89' lang='lat' dir='ltr'>m.</span> <span class='ocrx_word' id='word_1_486' title='bbox 925 2201 963 2226; x_wconf 89' lang='lat' dir='ltr'>et</span> <span class='ocrx_word' id='word_1_487' title='bbox 991 2191 1035 2227; x_wconf 84' lang='lat' dir='ltr'>ad</span> <span class='ocrx_word' id='word_1_488' title='bbox 1054 2194 1130 2238; x_wconf 84' lang='lat' dir='ltr'>Stp.</span> <span class='ocrx_word' id='word_1_489' title='bbox 1150 2193 1239 2240; x_wconf 60' lang='lat'>35²2·</span> <span class='ocrx_word' id='word_1_490' title='bbox 1260 2207 1295 2240; x_wconf 74' lang='lat' dir='ltr'>p,</span> <span class='ocrx_word' id='word_1_491' title='bbox 1317 2206 1398 2240; x_wconf 50' lang='lat'><em>40¹,</em></span> <span class='ocrx_word' id='word_1_492' title='bbox 1420 2197 1468 2234; x_wconf 68' lang='lat' dir='ltr'>N⁴</span> <span class='ocrx_word' id='word_1_493' title='bbox 1491 2209 1562 2243; x_wconf 30' lang='lat'>97⁸,</span> 
     </span>
     <span class='ocr_line' id='line_1_39' title="bbox 42 2235 1564 2286; baseline 0.006 -13"><span class='ocrx_word' id='word_1_494' title='bbox 42 2235 122 2274; x_wconf 86' lang='lat' dir='ltr'>serv</span> <span class='ocrx_word' id='word_1_495' title='bbox 193 2247 305 2284; x_wconf 88' lang='lat' dir='ltr'>mque</span> <span class='ocrx_word' id='word_1_496' title='bbox 326 2248 359 2271; x_wconf 87' lang='grc' dir='ltr'>ν.</span> <span class='ocrx_word' id='word_1_497' title='bbox 381 2247 411 2270; x_wconf 88' lang='lat' dir='ltr'>c.</span> <span class='ocrx_word' id='word_1_498' title='bbox 437 2247 495 2281; x_wconf 85' lang='lat' dir='ltr'>ap.</span> <span class='ocrx_word' id='word_1_499' title='bbox 515 2235 638 2271; x_wconf 79' lang='lat' dir='ltr'>Thuc.</span> <span class='ocrx_word' id='word_1_500' title='bbox 661 2237 768 2272; x_wconf 91' lang='lat' dir='ltr'>Dem.</span> <span class='ocrx_word' id='word_1_501' title='bbox 789 2237 902 2274; x_wconf 84' lang='lat' dir='ltr'>Diod.</span> <span class='ocrx_word' id='word_1_502' title='bbox 925 2239 1042 2275; x_wconf 88' lang='lat' dir='ltr'>Dion.</span> <span class='ocrx_word' id='word_1_503' title='bbox 1065 2242 1112 2276; x_wconf 88' lang='lat' dir='ltr'>H.</span> <span class='ocrx_word' id='word_1_504' title='bbox 1133 2243 1169 2277; x_wconf 88' lang='lat' dir='ltr'>S.</span> <span class='ocrx_word' id='word_1_505' title='bbox 1195 2244 1241 2278; x_wconf 88' lang='lat' dir='ltr'>T.</span> <span class='ocrx_word' id='word_1_506' title='bbox 1261 2255 1288 2279; x_wconf 85' lang='lat'>1.</span> <span class='ocrx_word' id='word_1_507' title='bbox 1311 2255 1350 2278; x_wconf 89' lang='lat' dir='ltr'>et</span> <span class='ocrx_word' id='word_1_508' title='bbox 1369 2244 1460 2280; x_wconf 89' lang='lat' dir='ltr'>Luc.</span> <span class='ocrx_word' id='word_1_509' title='bbox 1475 2271 1484 2286; x_wconf 87' lang='lat'><em>,</em></span> <span class='ocrx_word' id='word_1_510' title='bbox 1517 2246 1564 2283; x_wconf 88' lang='lat' dir='ltr'>cf.</span> 
     </span>
     <span class='ocr_line' id='line_1_40' title="bbox 41 2246 1564 2341; baseline 0.007 -21"><span class='ocrx_word' id='word_1_511' title='bbox 41 2246 210 2324; x_wconf 42' lang='lat' dir='ltr'>husen</span> <span class='ocrx_word' id='word_1_512' title='bbox 231 2296 294 2321; x_wconf 85' lang='lat' dir='ltr'>aut</span> <span class='ocrx_word' id='word_1_513' title='bbox 313 2285 388 2321; x_wconf 79' lang='lat' dir='ltr'>Lat.</span> <span class='ocrx_word' id='word_1_514' title='bbox 403 2308 414 2325; x_wconf 87' lang='lat'>,</span> <span class='ocrx_word' id='word_1_515' title='bbox 448 2294 574 2320; x_wconf 82' lang='lat' dir='ltr'>tamen</span> <span class='ocrx_word' id='word_1_516' title='bbox 594 2283 670 2321; x_wconf 87' lang='lat' dir='ltr'>vidi</span> <span class='ocrx_word' id='word_1_517' title='bbox 694 2285 792 2322; x_wconf 78' lang='lat' dir='ltr'>varie</span> <span class='ocrx_word' id='word_1_518' title='bbox 813 2287 956 2324; x_wconf 83' lang='lat' dir='ltr'>editum</span> <span class='ocrx_word' id='word_1_519' title='bbox 977 2287 1015 2325; x_wconf 85' lang='lat' dir='ltr'>in</span> <span class='ocrx_word' id='word_1_520' title='bbox 1042 2302 1118 2326; x_wconf 87' lang='lat' dir='ltr'>uno</span> <span class='ocrx_word' id='word_1_521' title='bbox 1139 2291 1349 2339; x_wconf 81' lang='lat' dir='ltr'>eodemque</span> <span class='ocrx_word' id='word_1_522' title='bbox 1370 2295 1564 2341; x_wconf 74' lang='lat' dir='ltr'>icriptore‚</span> 
     </span>
     <span class='ocr_line' id='line_1_41' title="bbox 44 2333 1564 2388; baseline 0.005 -20"><span class='ocrx_word' id='word_1_523' title='bbox 44 2347 77 2371; x_wconf 90' lang='lat' dir='ltr'>v.</span> <span class='ocrx_word' id='word_1_524' title='bbox 95 2346 125 2370; x_wconf 89' lang='lat' dir='ltr'>c.</span> <span class='ocrx_word' id='word_1_525' title='bbox 146 2346 202 2380; x_wconf 72' lang='lat' dir='ltr'>ap.</span> <span class='ocrx_word' id='word_1_526' title='bbox 224 2334 325 2369; x_wconf 88' lang='lat' dir='ltr'>Polb.</span> <span class='ocrx_word' id='word_1_527' title='bbox 345 2333 427 2370; x_wconf 83' lang='lat' dir='ltr'>Ern.</span> <span class='ocrx_word' id='word_1_528' title='bbox 453 2333 496 2368; x_wconf 88' lang='grc' dir='ltr'>Τ.</span> <span class='ocrx_word' id='word_1_529' title='bbox 513 2345 541 2368; x_wconf 86' lang='lat'>1.</span> <span class='ocrx_word' id='word_1_530' title='bbox 562 2344 597 2378; x_wconf 90' lang='lat' dir='ltr'>p.</span> <span class='ocrx_word' id='word_1_531' title='bbox 617 2341 698 2380; x_wconf 80' lang='lat'>488.</span> <span class='ocrx_word' id='word_1_532' title='bbox 723 2335 747 2371; x_wconf 92' lang='lat' dir='ltr'>i.</span> <span class='ocrx_word' id='word_1_533' title='bbox 766 2348 801 2382; x_wconf 87' lang='lat' dir='ltr'>p.</span> <span class='ocrx_word' id='word_1_534' title='bbox 824 2336 874 2384; x_wconf 84' lang='lat' dir='ltr'>sq.</span> <span class='ocrx_word' id='word_1_535' title='bbox 895 2350 944 2372; x_wconf 88' lang='lat' dir='ltr'>m.</span> <span class='ocrx_word' id='word_1_536' title='bbox 965 2350 1004 2374; x_wconf 85' lang='lat' dir='ltr'>et</span> <span class='ocrx_word' id='word_1_537' title='bbox 1024 2351 1053 2375; x_wconf 89' lang='lat' dir='ltr'>e.</span> <span class='ocrx_word' id='word_1_538' title='bbox 1073 2339 1238 2376; x_wconf 75' lang='lat' dir='ltr'>omissum</span> <span class='ocrx_word' id='word_1_539' title='bbox 1254 2365 1264 2381; x_wconf 95' lang='lat'>,</span> <span class='ocrx_word' id='word_1_540' title='bbox 1294 2341 1332 2377; x_wconf 87' lang='lat' dir='ltr'>it.</span> <span class='ocrx_word' id='word_1_541' title='bbox 1354 2354 1387 2388; x_wconf 87' lang='lat' dir='ltr'>p.</span> <span class='ocrx_word' id='word_1_542' title='bbox 1410 2355 1492 2388; x_wconf 68' lang='lat'>497-</span> <span class='ocrx_word' id='word_1_543' title='bbox 1516 2357 1564 2386; x_wconf 77' lang='lat' dir='ltr'>e„</span> 
     </span>
     <span class='ocr_line' id='line_1_42' title="bbox 43 2382 1564 2434; baseline 0.005 -15"><span class='ocrx_word' id='word_1_544' title='bbox 43 2383 106 2422; x_wconf 83' lang='lat' dir='ltr'>sed</span> <span class='ocrx_word' id='word_1_545' title='bbox 128 2393 259 2418; x_wconf 83' lang='lat' dir='ltr'>contra</span> <span class='ocrx_word' id='word_1_546' title='bbox 282 2382 491 2419; x_wconf 83' lang='lat' dir='ltr'>adhibitum</span> <span class='ocrx_word' id='word_1_547' title='bbox 512 2385 636 2428; x_wconf 85' lang='lat' dir='ltr'>p-674.</span> <span class='ocrx_word' id='word_1_548' title='bbox 656 2383 678 2420; x_wconf 88' lang='grc' dir='ltr'>Ι.</span> <span class='ocrx_word' id='word_1_549' title='bbox 694 2396 747 2420; x_wconf 88' lang='lat'>12.</span> <span class='ocrx_word' id='word_1_550' title='bbox 767 2396 836 2421; x_wconf 91' lang='lat' dir='ltr'>etc.</span> <span class='ocrx_word' id='word_1_551' title='bbox 864 2388 904 2423; x_wconf 87' lang='lat' dir='ltr'>it.</span> <span class='ocrx_word' id='word_1_552' title='bbox 929 2388 1009 2423; x_wconf 87' lang='lat' dir='ltr'>Ael.</span> <span class='ocrx_word' id='word_1_553' title='bbox 1032 2389 1077 2425; x_wconf 93' lang='lat' dir='ltr'>V.</span> <span class='ocrx_word' id='word_1_554' title='bbox 1097 2388 1130 2422; x_wconf 91' lang='lat' dir='ltr'>h.</span> <span class='ocrx_word' id='word_1_555' title='bbox 1147 2413 1158 2429; x_wconf 86' lang='lat'><em>,</em></span> <span class='ocrx_word' id='word_1_556' title='bbox 1191 2388 1239 2425; x_wconf 88' lang='lat' dir='ltr'>cf.</span> <span class='ocrx_word' id='word_1_557' title='bbox 1264 2390 1341 2426; x_wconf 89' lang='lat' dir='ltr'>lnd.</span> <span class='ocrx_word' id='word_1_558' title='bbox 1367 2391 1466 2434; x_wconf 59' lang='lat' dir='ltr'>Lat„</span> <span class='ocrx_word' id='word_1_559' title='bbox 1503 2405 1564 2427; x_wconf 83' lang='lat' dir='ltr'>va-</span> 
     </span>
     <span class='ocr_line' id='line_1_43' title="bbox 41 2431 1560 2483; baseline 0.005 -15"><span class='ocrx_word' id='word_1_560' title='bbox 41 2432 166 2468; x_wconf 85' lang='lat' dir='ltr'>riante</span> <span class='ocrx_word' id='word_1_561' title='bbox 186 2431 321 2469; x_wconf 83' lang='lat' dir='ltr'>Nostro</span> <span class='ocrx_word' id='word_1_562' title='bbox 342 2444 408 2478; x_wconf 87' lang='lat' dir='ltr'>per</span> <span class='ocrx_word' id='word_1_563' title='bbox 426 2443 547 2479; x_wconf 86' lang='lat' dir='ltr'>praep.</span> <span class='ocrx_word' id='word_1_564' title='bbox 570 2445 652 2469; x_wconf 82' lang='lat' dir='ltr'>cum</span> <span class='ocrx_word' id='word_1_565' title='bbox 671 2433 702 2480; x_wconf 84' lang='lat'>§.</span> <span class='ocrx_word' id='word_1_566' title='bbox 717 2445 770 2475; x_wconf 79' lang='lat'>5.,</span> <span class='ocrx_word' id='word_1_567' title='bbox 798 2447 878 2471; x_wconf 90' lang='lat' dir='ltr'>non</span> <span class='ocrx_word' id='word_1_568' title='bbox 899 2447 1023 2472; x_wconf 80' lang='lat' dir='ltr'>autem</span> <span class='ocrx_word' id='word_1_569' title='bbox 1043 2448 1198 2473; x_wconf 84' lang='lat' dir='ltr'>tenente</span> <span class='ocrx_word' id='word_1_570' title='bbox 1212 2440 1287 2483; x_wconf 60' lang='grc' dir='ltr'>ςερ.</span> <span class='ocrx_word' id='word_1_571' title='bbox 1302 2440 1373 2475; x_wconf 86' lang='lat' dir='ltr'>Th.</span> <span class='ocrx_word' id='word_1_572' title='bbox 1388 2439 1425 2475; x_wconf 91' lang='lat' dir='ltr'>in</span> <span class='ocrx_word' id='word_1_573' title='bbox 1439 2454 1470 2474; x_wconf 92' lang='lat' dir='ltr'>v.</span> <span class='ocrx_word' id='word_1_574' title='bbox 1483 2458 1560 2478; x_wconf 70' lang='grc' dir='ltr'><strong>κατ.</strong></span> 
     </span>
     <span class='ocr_line' id='line_1_44' title="bbox 42 2480 1564 2537; baseline 0.005 -19"><span class='ocrx_word' id='word_1_575' title='bbox 42 2482 125 2518; x_wconf 80' lang='lat' dir='ltr'>Lat.</span> <span class='ocrx_word' id='word_1_576' title='bbox 140 2483 206 2528; x_wconf 83' lang='lat' dir='ltr'>Bg.</span> <span class='ocrx_word' id='word_1_577' title='bbox 221 2505 232 2521; x_wconf 82' lang='lat'>‚</span> <span class='ocrx_word' id='word_1_578' title='bbox 266 2493 337 2515; x_wconf 92' lang='lat' dir='ltr'>nec</span> <span class='ocrx_word' id='word_1_579' title='bbox 356 2481 405 2528; x_wconf 83' lang='lat' dir='ltr'>sq.</span> <span class='ocrx_word' id='word_1_580' title='bbox 429 2494 463 2516; x_wconf 88' lang='lat' dir='ltr'>v.</span> <span class='ocrx_word' id='word_1_581' title='bbox 484 2495 516 2516; x_wconf 85' lang='grc' dir='ltr'>σ.</span> <span class='ocrx_word' id='word_1_582' title='bbox 549 2480 594 2516; x_wconf 86' lang='lat' dir='ltr'>de</span> <span class='ocrx_word' id='word_1_583' title='bbox 613 2481 718 2517; x_wconf 78' lang='lat' dir='ltr'>firnili</span> <span class='ocrx_word' id='word_1_584' title='bbox 740 2495 778 2519; x_wconf 87' lang='lat' dir='ltr'>re</span> <span class='ocrx_word' id='word_1_585' title='bbox 797 2496 834 2520; x_wconf 88' lang='lat' dir='ltr'>et</span> <span class='ocrx_word' id='word_1_586' title='bbox 854 2485 1060 2527; x_wconf 76' lang='lat' dir='ltr'>militibus,</span> <span class='ocrx_word' id='word_1_587' title='bbox 1095 2499 1153 2532; x_wconf 83' lang='lat' dir='ltr'>ap.</span> <span class='ocrx_word' id='word_1_588' title='bbox 1175 2488 1235 2522; x_wconf 81' lang='lat' dir='ltr'>Sb.</span> <span class='ocrx_word' id='word_1_589' title='bbox 1254 2486 1333 2523; x_wconf 80' lang='lat' dir='ltr'>lnd.</span> <span class='ocrx_word' id='word_1_590' title='bbox 1358 2489 1444 2525; x_wconf 86' lang='lat' dir='ltr'>hinc</span> <span class='ocrx_word' id='word_1_591' title='bbox 1472 2491 1564 2537; x_wconf 72' lang='lat' dir='ltr'>„fibi</span> 
     </span>
     <span class='ocr_line' id='line_1_45' title="bbox 45 2528 1560 2581; baseline 0.007 -15"><span class='ocrx_word' id='word_1_592' title='bbox 45 2529 193 2566; x_wconf 80' lang='lat' dir='ltr'>obviam</span> <span class='ocrx_word' id='word_1_593' title='bbox 213 2530 367 2566; x_wconf 82' lang='lat' dir='ltr'>venire“</span> <span class='ocrx_word' id='word_1_594' title='bbox 397 2528 490 2565; x_wconf 69' lang='lat' dir='ltr'>nihil</span> <span class='ocrx_word' id='word_1_595' title='bbox 513 2532 773 2576; x_wconf 81' lang='lat' dir='ltr'>praebentibus</span> <span class='ocrx_word' id='word_1_596' title='bbox 793 2534 879 2569; x_wconf 87' lang='lat' dir='ltr'>Hes.</span> <span class='ocrx_word' id='word_1_597' title='bbox 895 2543 1019 2577; x_wconf 83' lang='lat'>2‚708.</span> <span class='ocrx_word' id='word_1_598' title='bbox 1033 2547 1063 2569; x_wconf 91' lang='lat' dir='ltr'>e.</span> <span class='ocrx_word' id='word_1_599' title='bbox 1098 2535 1235 2581; x_wconf 79' lang='lat' dir='ltr'>1313.i.</span> <span class='ocrx_word' id='word_1_600' title='bbox 1255 2549 1332 2572; x_wconf 90' lang='lat' dir='ltr'>non</span> <span class='ocrx_word' id='word_1_601' title='bbox 1355 2539 1439 2573; x_wconf 43' lang='lat' dir='ltr'>con.</span> <span class='ocrx_word' id='word_1_602' title='bbox 1458 2540 1560 2576; x_wconf 85' lang='lat' dir='ltr'>Suid.</span> 
     </span>
     <span class='ocr_line' id='line_1_46' title="bbox 44 2577 1560 2631; baseline 0.007 -18"><span class='ocrx_word' id='word_1_603' title='bbox 44 2589 81 2626; x_wconf 81' lang='lat'>3,</span> <span class='ocrx_word' id='word_1_604' title='bbox 101 2590 184 2625; x_wconf 77' lang='lat'>409.</span> <span class='ocrx_word' id='word_1_605' title='bbox 206 2591 237 2616; x_wconf 89' lang='lat' dir='ltr'>e.</span> <span class='ocrx_word' id='word_1_606' title='bbox 265 2578 305 2614; x_wconf 82' lang='grc' dir='ltr'>Ι..</span> <span class='ocrx_word' id='word_1_607' title='bbox 318 2579 366 2614; x_wconf 89' lang='grc' dir='ltr'>Ν.</span> <span class='ocrx_word' id='word_1_608' title='bbox 379 2579 426 2615; x_wconf 87' lang='grc' dir='ltr'>Τ.</span> <span class='ocrx_word' id='word_1_609' title='bbox 450 2577 571 2625; x_wconf 84' lang='lat' dir='ltr'>Kypk.</span> <span class='ocrx_word' id='word_1_610' title='bbox 592 2580 639 2615; x_wconf 88' lang='lat' dir='ltr'>T.</span> <span class='ocrx_word' id='word_1_611' title='bbox 656 2592 684 2616; x_wconf 80' lang='lat' dir='ltr'>r.</span> <span class='ocrx_word' id='word_1_612' title='bbox 699 2604 710 2621; x_wconf 83' lang='lat'><em>,</em></span> <span class='ocrx_word' id='word_1_613' title='bbox 737 2579 777 2616; x_wconf 85' lang='lat' dir='ltr'>it.</span> <span class='ocrx_word' id='word_1_614' title='bbox 793 2581 839 2617; x_wconf 84' lang='lat' dir='ltr'>ad</span> <span class='ocrx_word' id='word_1_615' title='bbox 850 2582 1051 2619; x_wconf 85' lang='lat' dir='ltr'>Thom.M.</span> <span class='ocrx_word' id='word_1_616' title='bbox 1076 2597 1110 2630; x_wconf 89' lang='lat' dir='ltr'>p.</span> <span class='ocrx_word' id='word_1_617' title='bbox 1127 2594 1205 2627; x_wconf 72' lang='lat'>317.</span> <span class='ocrx_word' id='word_1_618' title='bbox 1219 2584 1270 2631; x_wconf 80' lang='lat' dir='ltr'>sq.</span> <span class='ocrx_word' id='word_1_619' title='bbox 1296 2586 1560 2630; x_wconf 57' lang='lat' dir='ltr'>indm-Jeme.</span> 
     </span>
     <span class='ocr_line' id='line_1_47' title="bbox 44 2627 1561 2676; baseline 0.006 -12"><span class='ocrx_word' id='word_1_620' title='bbox 44 2628 106 2664; x_wconf 82' lang='lat' dir='ltr'>cui</span> <span class='ocrx_word' id='word_1_621' title='bbox 129 2627 213 2664; x_wconf 79' lang='lat' dir='ltr'>add.</span> <span class='ocrx_word' id='word_1_622' title='bbox 244 2639 288 2663; x_wconf 84' lang='lat' dir='ltr'>ex</span> <span class='ocrx_word' id='word_1_623' title='bbox 308 2627 395 2664; x_wconf 87' lang='lat' dir='ltr'>Abr.</span> <span class='ocrx_word' id='word_1_624' title='bbox 418 2627 480 2663; x_wconf 70' lang='lat' dir='ltr'>DJ.</span> <span class='ocrx_word' id='word_1_625' title='bbox 498 2628 573 2663; x_wconf 81' lang='lat' dir='ltr'>Th.</span> <span class='ocrx_word' id='word_1_626' title='bbox 599 2641 634 2675; x_wconf 90' lang='lat' dir='ltr'>p.</span> <span class='ocrx_word' id='word_1_627' title='bbox 653 2641 727 2676; x_wconf 82' lang='lat'>415.</span> <span class='ocrx_word' id='word_1_628' title='bbox 751 2643 783 2666; x_wconf 86' lang='lat' dir='ltr'>e.</span> <span class='ocrx_word' id='word_1_629' title='bbox 809 2632 868 2667; x_wconf 85' lang='lat' dir='ltr'>Rs.</span> <span class='ocrx_word' id='word_1_630' title='bbox 890 2633 956 2667; x_wconf 86' lang='lat' dir='ltr'>Or.</span> <span class='ocrx_word' id='word_1_631' title='bbox 984 2633 1026 2667; x_wconf 88' lang='lat' dir='ltr'>V.</span> <span class='ocrx_word' id='word_1_632' title='bbox 1049 2644 1083 2675; x_wconf 88' lang='lat'>7.</span> <span class='ocrx_word' id='word_1_633' title='bbox 1106 2636 1185 2669; x_wconf 89' lang='lat' dir='ltr'>Ant</span> <span class='ocrx_word' id='word_1_634' title='bbox 1225 2635 1334 2672; x_wconf 86' lang='lat' dir='ltr'>Dem.</span> <span class='ocrx_word' id='word_1_635' title='bbox 1356 2636 1447 2672; x_wconf 77' lang='lat' dir='ltr'>Poss&#39;.</span> <span class='ocrx_word' id='word_1_636' title='bbox 1470 2637 1561 2673; x_wconf 84' lang='lat' dir='ltr'>Call.</span> 
     </span>
     <span class='ocr_line' id='line_1_48' title="bbox 43 2675 1559 2732; baseline 0.007 -21"><span class='ocrx_word' id='word_1_637' title='bbox 43 2676 126 2714; x_wconf 83' lang='lat' dir='ltr'>Ael.</span> <span class='ocrx_word' id='word_1_638' title='bbox 148 2676 192 2712; x_wconf 94' lang='lat' dir='ltr'>V.</span> <span class='ocrx_word' id='word_1_639' title='bbox 211 2675 247 2712; x_wconf 89' lang='lat' dir='ltr'>h.</span> <span class='ocrx_word' id='word_1_640' title='bbox 270 2676 386 2713; x_wconf 88' lang='lat' dir='ltr'>Dion.</span> <span class='ocrx_word' id='word_1_641' title='bbox 408 2678 453 2713; x_wconf 90' lang='lat' dir='ltr'>H.</span> <span class='ocrx_word' id='word_1_642' title='bbox 478 2676 503 2714; x_wconf 87' lang='lat' dir='ltr'>l.</span> <span class='ocrx_word' id='word_1_643' title='bbox 523 2677 545 2712; x_wconf 87' lang='lat' dir='ltr'>l.</span> <span class='ocrx_word' id='word_1_644' title='bbox 569 2676 660 2714; x_wconf 86' lang='lat' dir='ltr'>Xen.</span> <span class='ocrx_word' id='word_1_645' title='bbox 679 2679 724 2716; x_wconf 90' lang='lat' dir='ltr'>Z.</span> <span class='ocrx_word' id='word_1_646' title='bbox 745 2680 823 2715; x_wconf 84' lang='lat' dir='ltr'>Pol.</span> <span class='ocrx_word' id='word_1_647' title='bbox 842 2681 917 2726; x_wconf 78' lang='lat' dir='ltr'>Cyr</span> <span class='ocrx_word' id='word_1_648' title='bbox 951 2692 990 2716; x_wconf 83' lang='lat' dir='ltr'>et</span> <span class='ocrx_word' id='word_1_649' title='bbox 1009 2682 1139 2724; x_wconf 73' lang='lat' dir='ltr'>flach..</span> <span class='ocrx_word' id='word_1_650' title='bbox 1172 2682 1231 2718; x_wconf 84' lang='lat' dir='ltr'>ubi</span> <span class='ocrx_word' id='word_1_651' title='bbox 1257 2695 1294 2718; x_wconf 89' lang='lat' dir='ltr'>et</span> <span class='ocrx_word' id='word_1_652' title='bbox 1309 2686 1355 2719; x_wconf 85' lang='lat' dir='ltr'>de</span> <span class='ocrx_word' id='word_1_653' title='bbox 1366 2698 1417 2725; x_wconf 88' lang='lat' dir='ltr'>re,</span> <span class='ocrx_word' id='word_1_654' title='bbox 1444 2696 1485 2722; x_wconf 84' lang='lat' dir='ltr'>ut</span> <span class='ocrx_word' id='word_1_655' title='bbox 1502 2698 1559 2732; x_wconf 90' lang='lat' dir='ltr'>ap.</span> 
     </span>
     <span class='ocr_line' id='line_1_49' title="bbox 42 2725 1560 2782; baseline 0.007 -22"><span class='ocrx_word' id='word_1_656' title='bbox 42 2725 159 2773; x_wconf 86' lang='lat' dir='ltr'>Soph.</span> <span class='ocrx_word' id='word_1_657' title='bbox 177 2725 237 2763; x_wconf 83' lang='lat' dir='ltr'>Ai.</span> <span class='ocrx_word' id='word_1_658' title='bbox 260 2737 298 2762; x_wconf 89' lang='lat' dir='ltr'>et</span> <span class='ocrx_word' id='word_1_659' title='bbox 313 2725 431 2762; x_wconf 85' lang='lat' dir='ltr'>Dion.</span> <span class='ocrx_word' id='word_1_660' title='bbox 452 2727 498 2762; x_wconf 90' lang='lat' dir='ltr'>H.</span> <span class='ocrx_word' id='word_1_661' title='bbox 519 2725 554 2761; x_wconf 90' lang='lat' dir='ltr'>S.</span> <span class='ocrx_word' id='word_1_662' title='bbox 578 2727 626 2762; x_wconf 91' lang='lat' dir='ltr'>T.</span> <span class='ocrx_word' id='word_1_663' title='bbox 644 2740 696 2767; x_wconf 83' lang='lat'>2.;</span> <span class='ocrx_word' id='word_1_664' title='bbox 738 2738 779 2765; x_wconf 88' lang='lat' dir='ltr'>ut</span> <span class='ocrx_word' id='word_1_665' title='bbox 793 2730 925 2775; x_wconf 72' lang='lat' dir='ltr'>Noster</span> <span class='ocrx_word' id='word_1_666' title='bbox 944 2729 1127 2776; x_wconf 64' lang='lat' dir='ltr'>irripserit</span> <span class='ocrx_word' id='word_1_667' title='bbox 1142 2731 1267 2766; x_wconf 84' lang='lat' dir='ltr'>saltem</span> <span class='ocrx_word' id='word_1_668' title='bbox 1291 2734 1333 2768; x_wconf 79' lang='lat' dir='ltr'>ad</span> <span class='ocrx_word' id='word_1_669' title='bbox 1347 2735 1490 2782; x_wconf 78' lang='lat' dir='ltr'>analog.</span> <span class='ocrx_word' id='word_1_670' title='bbox 1513 2738 1560 2772; x_wconf 89' lang='lat' dir='ltr'>de</span> 
     </span>
     <span class='ocr_line' id='line_1_50' title="bbox 43 2773 1561 2832; baseline 0.004 -19"><span class='ocrx_word' id='word_1_671' title='bbox 43 2773 138 2822; x_wconf 78' lang='lat' dir='ltr'>pers.</span> <span class='ocrx_word' id='word_1_672' title='bbox 157 2785 196 2813; x_wconf 89' lang='lat' dir='ltr'>et</span> <span class='ocrx_word' id='word_1_673' title='bbox 208 2785 291 2812; x_wconf 87' lang='lat' dir='ltr'>cum</span> <span class='ocrx_word' id='word_1_674' title='bbox 312 2774 385 2813; x_wconf 84' lang='lat' dir='ltr'>dat.</span> <span class='ocrx_word' id='word_1_675' title='bbox 399 2775 490 2823; x_wconf 79' lang='lat' dir='ltr'>pers.</span> <span class='ocrx_word' id='word_1_676' title='bbox 503 2800 514 2819; x_wconf 91' lang='lat'>,</span> <span class='ocrx_word' id='word_1_677' title='bbox 539 2777 727 2823; x_wconf 84' lang='lat' dir='ltr'>pendente</span> <span class='ocrx_word' id='word_1_678' title='bbox 746 2790 764 2813; x_wconf 87' lang='lat' dir='ltr'>a</span> <span class='ocrx_word' id='word_1_679' title='bbox 780 2789 902 2825; x_wconf 83' lang='lat' dir='ltr'>praep.</span> <span class='ocrx_word' id='word_1_680' title='bbox 915 2805 923 2820; x_wconf 89' lang='lat'><em>,</em></span> <span class='ocrx_word' id='word_1_681' title='bbox 951 2778 1010 2814; x_wconf 86' lang='lat' dir='ltr'>hic</span> <span class='ocrx_word' id='word_1_682' title='bbox 1027 2779 1246 2817; x_wconf 82' lang='lat' dir='ltr'>nostratium</span> <span class='ocrx_word' id='word_1_683' title='bbox 1255 2782 1321 2817; x_wconf 80' lang='lat' dir='ltr'>mit</span> <span class='ocrx_word' id='word_1_684' title='bbox 1335 2781 1413 2818; x_wconf 83' lang='lat' dir='ltr'>ihm</span> <span class='ocrx_word' id='word_1_685' title='bbox 1426 2782 1561 2832; x_wconf 72' lang='lat' dir='ltr'>zusam-</span> 
     </span>
    </p>
   </div>
  </div>
 </body>
</html>
