1722 3086
113 129 116 134 -
167 107 262 152 106
333 102 495 151 LIBER
515 102 567 150 11.
605 101 723 150 CAP.
742 103 817 151 IV.
857 103 912 150 A.
933 104 985 150 V.
1009 103 1055 150 C.
1079 104 1187 163 946.
1224 104 1359 151 CHR.
1378 105 1441 152 N.
1465 118 1570 166 193.

159 217 298 292 αἶςχῆν
345 221 536 272 ἔπειθεν.
620 217 755 271 α’λλοὶ
817 217 896 282 μὴν
939 239 985 285 5.
1009 229 1200 292 cipatum
1215 228 1403 292 impulit.
1481 231 1601 282 Quin
1616 239 1661 278 et

160 299 340 350 καὶτῶν
364 294 635 367 Βοιξέεἱξωνὶ
666 296 756 346 ὅσοι
787 295 888 366 7735-
927 320 977 350 ex
1012 303 1202 351 barbaris
1235 305 1310 367 qui
1337 306 1461 369 prius
1490 304 1659 351 recusa-

156 396 272 444 τεξον
302 370 551 442 αἰφηνίοεζον
583 370 605 428 ἢ
637 370 893 441 &afflegem
934 380 1041 426 bant
1061 392 1133 427 aut
1154 379 1435 435 rebellabant,
1476 391 1658 429 metuet

155 450 291 517 φόβῳ
337 451 384 500 τὲ
423 450 500 500 καὶ
541 447 686 519 μνήμῃ
731 452 806 507 τῆς
851 451 890 498 ἐν
930 456 1228 503 recordatione
1251 458 1341 502 eius
1365 458 1410 502 in
1432 457 1656 519 prioribus
1721 510 1722 514 Ἰ

156 534 260 582 ταῖς
307 526 537 596 “reor-{edm
591 528 730 574 αὐτοῦ
785 545 888 593 ‹53ae-
927 533 1274 596 expeditionibus
1288 533 1472 586 virtutiS,
1498 530 1656 580 fiducia

155 605 292 659 τείαις
311 604 466 671 οἰςετῆς
488 604 535 663 k,
572 602 691 654 wls-sc
713 601 759 651 τὲ
777 600 884 666 ’γνώ-
921 625 1006 672 que
1019 609 1251 655 voluntatis
1265 646 1276 665 ,
1310 611 1410 671 quia
1431 610 1652 655 neminem
1713 618 1716 621 ‘

152 772 225 818 post
241 722 508 805 ἓοτξοέτὲἰοῗίε
527 724 563 757 in
581 726 626 760 A.
642 735 718 758 cum
738 726 774 759 Β.
787 733 842 763 1.,
865 735 898 757 ν.
916 726 962 761 N.
1031 727 1069 771 k)
1095 725 1205 760 Colon
1225 725 1278 757 hic
1295 726 1328 757 in
1348 727 1396 761 Μ.
1418 725 1496 765 Ba„
1519 727 1557 758 it.
1575 736 1658 758 mox

151 868 248 905 Cen.
273 873 341 908 »τὸ
362 866 392 903 ὁ.
413 863 527 907 ἅπαν,
563 877 678 902 omnes
706 864 865 912 imperio
878 863 1055 914 ,[ἰιύἱεέῖἰα
1088 864 1152 901 ubi
1181 857 1306 902 tamen
1328 878 1364 911 7,
1385 875 1441 912 13,
1461 877 1494 911 9.
1525 876 1546 901 e
1567 876 1658 901 con-

150 927 259 954 textu
281 928 321 953 et
342 915 508 962 praeced.
532 915 872 953 tautumtvidentur
899 915 967 951 effe
993 914 1247 961 provinciales.

201 967 371 1013 ἐκθειαξ.)
397 965 521 1002 Leisn.
543 966 583 1002 in
604 978 652 1002 m.
672 967 721 1002 M.
742 967 806 1014 Bg.
835 966 909 1004 „ad
929 965 1020 1001 deos
1045 964 1208 1000 anemos
1232 962 1399 1000 referre“
1423 962 1498 1003 hic,
1523 975 1588 1009 pro
1600 962 1658 1000 di-

151 1016 243 1054 vino
272 1015 419 1064 aliquo,
454 1013 480 1050 i.
500 1013 563 1052 dei
593 1013 696 1052 dono
723 1026 765 1050 ac
792 1012 976 1050 beneficio
1007 1014 1142 1050 habere
1163 1025 1201 1049 et
1230 1013 1463 1060 praedicare,
1499 1011 1548 1049 cf.
1568 1011 1659 1049 alibi

151 1079 191 1104 et
210 1065 257 1102 de
275 1065 337 1102 Sb.
356 1065 401 1101 ad
425 1077 459 1105 1,
482 1074 516 1108 7,
535 1077 566 1110 9.
590 1076 621 1100 e.
635 1088 647 1106 ‚
683 1063 724 1100 it.
749 1062 834 1101 alias
856 1062 901 1100 de
915 1064 977 1110 Bg.
997 1062 1041 1098 ad
1060 1075 1093 1100 v.
1114 1067 1187 1104 Ena,
1213 1061 1358 1098 deserto
1383 1063 1444 1103 P.‚
1469 1060 1571 1110 quod
1583 1061 1657 1098 hd.

151 1129 234 1153 cum
256 1116 346 1200 Gis,
373 1125 486 1162 tropo
508 1124 682 1156 remoto,
713 1115 759 1151 de
778 1126 840 1155 re,
874 1112 993 1155 nihil,
1024 1123 1132 1158 quam
1151 1111 1264 1153 fecit,
1297 1110 1447 1152 effecit,
1483 1122 1527 1148 ut
1546 1111 1658 1148 habe.

150 1176 237 1204 rent
257 1178 297 1200 re
315 1191 324 1199 .

166 1236 175 1248 -,
194 1219 286 1254 ἀλλὰ
303 1216 357 1259 μ.)
385 1212 444 1250 Ad
463 1212 548 1262 Vig.
569 1217 743 1260 p.460.a.
761 1213 901 1257 N.74.,
936 1209 1000 1248 ubi
1023 1211 1068 1247 de
1088 1215 1121 1248 ἂ.
1143 1227 1200 1255 μ.,
1234 1210 1410 1255 sequente
1434 1211 1510 1252 uo),
1544 1211 1656 1258 (quae

149 1267 214 1314 Bg.
243 1262 387 1306 reddit,
421 1274 467 1301 ut
491 1277 523 1303 ι,
548 1274 605 1308 14,
629 1271 684 1304 18.
704 1264 769 1307 m.)
805 1272 906 1299 totus
928 1260 1051 1298 Nostri
1081 1261 1181 1297 locus
1209 1260 1374 1297 redditur
1399 1260 1514 1308 „quin
1542 1260 1657 1299 etiam

150 1313 331 1355 Barbari,
366 1322 556 1361 quotquot
575 1321 682 1348 antea
699 1312 827 1360 iugum
847 1312 1066 1360 excqffirant
1086 1321 1124 1346 et
1143 1308 1427 1350 rebellaverant,
1454 1308 1586 1356 sponte
1605 1309 1659 1344 ad

149 1375 236 1403 eum
255 1365 493 1400 accedebant«
517 1359 581 1398 ubi
608 1372 692 1409 gen.
714 1363 777 1398 Gr.
800 1366 903 1406 βαρβ.
925 1371 1087 1396 mutatus
1107 1359 1144 1395 in
1174 1358 1334 1396 eundem
1361 1358 1542 1394 nominat.
1568 1369 1663 1395 cum.

150 1425 258 1464 pron.
281 1426 301 1450 e
320 1414 381 1455 P„
407 1411 469 1450 sed
488 1424 507 1447 a
526 1412 590 1458 Bg.
612 1411 745 1449 iterum
758 1411 905 1447 adiutus
926 1422 989 1457 per
1006 1422 1129 1456 praep.
1142 1433 1153 1450 ‚
1187 1419 1230 1445 ut
1248 1421 1326 1445 non
1337 1419 1431 1455 opus
1450 1407 1537 1445 ess'et
1554 1419 1656 1444 com-

150 1473 250 1501 mate
270 1462 347 1509 post
364 1469 396 1509 β.
417 1461 458 1499 in
474 1461 608 1498 ordine
628 1460 808 1508 exquisito
829 1473 847 1495 a
871 1471 975 1507 pron.
999 1457 1195 1506 postposito
1209 1482 1222 1500 ,
1250 1470 1316 1505 pro
1337 1457 1391 1495 ὅσ.
1414 1475 1452 1494 τ.
1467 1463 1523 1503 β.,
1549 1455 1654 1505 quod

149 1525 276 1550 tamen
295 1512 381 1549 sane
400 1511 552 1548 reducas
571 1510 616 1547 ad
635 1516 756 1551 πάντες
777 1515 963 1555 βάρβαροι,
999 1508 1089 1549 ὅσοι,
1115 1508 1139 1545 s.
1157 1504 1246 1545 οὗτοι
1265 1513 1451 1554 βάρβαροι.
1481 1502 1572 1547 ὅσοι.
1607 1518 1655 1543 ex

148 1568 272 1605 πάντες
290 1561 318 1597 s.
338 1558 427 1598 οὗτοι
445 1565 643 1608 βαρβάρων,
680 1556 772 1601 ὅσοι,
797 1562 845 1594 ct.
871 1571 902 1601 1,
923 1573 958 1603 4,
982 1571 1009 1595 1.
1034 1571 1081 1594 m.
1108 1557 1199 1593 Pois.
1221 1560 1328 1606 Synt.
1349 1569 1386 1604 p.
1406 1569 1466 1603 44.
1491 1555 1588 1593 med.
1607 1567 1654 1592 ex

149 1611 256 1649 lsocr.
276 1623 316 1648 et
334 1611 418 1660 Vig.
439 1622 475 1657 p.
493 1620 617 1655 123.e.
640 1620 716 1656 reg.
737 1621 788 1648 ι.,
826 1607 887 1644 sed
908 1607 983 1644 fine
999 1608 1084 1656 lege
1110 1618 1148 1643 et
1167 1606 1320 1653 explic..
1356 1617 1398 1642 ut
1414 1607 1462 1643 de
1481 1611 1579 1653 βαςβ.
1603 1603 1654 1642 cf.

147 1674 182 1704 8.
204 1674 236 1702 1,
253 1674 286 1706 9.
306 1674 336 1698 e.
349 1685 360 1701 ‚
397 1671 476 1707 quo
495 1669 535 1695 et
552 1658 743 1706 respicitur
761 1657 799 1694 in
821 1657 895 1705 seq.
914 1662 946 1695 ἐν
962 1662 1036 1698 ταῖς
1055 1672 1149 1702 προ-τ.
1176 1662 1208 1694 ὰ.
1231 1671 1328 1699 war.

197 1711 374 1758 πρότερον)
401 1707 519 1746 Posses
537 1708 661 1758 legere
679 1703 859 1753 πρότεροι,
897 1706 958 1743 sed
980 1717 1119 1754 praeter
1144 1705 1402 1741 neceffitatem.
1449 1703 1530 1741 Nec
1557 1713 1653 1751 opus

148 1759 220 1802 est,
247 1772 331 1797 cum
349 1758 480 1795 Tonio
501 1769 560 1805 ap.
580 1757 739 1804 Appian.
762 1756 808 1793 de
828 1756 862 1792 b.
880 1757 916 1792 P.
939 1770 972 1804 p.
986 1766 1044 1802 43.
1066 1768 1133 1804 pto
1154 1756 1243 1799 οἵγε
1262 1761 1321 1797 τὴν
1339 1749 1463 1800 εἰρήνην
1487 1750 1542 1796 καὶ
1569 1747 1654 1798 πρό·
1676 1770 1679 1771 ’

146 1825 240 1856 τερον
258 1806 386 1856 ᾔτησαν
403 1808 526 1855 legere
547 1806 600 1850 xor.)
617 1802 785 1853 πρότεροι.
813 1805 927 1842 Leisn.

244 1859 352 1896 Alius
367 1855 539 1894 lec'tionis
557 1868 637 1893 non
658 1856 707 1892 est
726 1856 788 1891 hic
807 1854 913 1892 ullibi
935 1853 1124 1902 vestigium
1139 1878 1150 1895 ,
1185 1851 1252 1889 nifi
1274 1851 1374 1899 quod
1395 1852 1436 1888 P.
1459 1851 1565 1898 piane
1584 1862 1653 1898 op.

147 1908 276 1960 primic
297 1910 401 1948 adv.,
433 1906 493 1942 cui
524 1917 586 1953 par
612 1906 662 1942 est
683 1905 872 1942 interdum
892 1904 1011 1941 Leisn.
1038 1903 1109 1939 adi.
1133 1902 1240 1939 rnasc.
1255 1927 1266 1943 ‚
1310 1901 1373 1938 sed
1396 1912 1434 1937 et
1462 1899 1651 1938 interdum

147 1960 245 1996 alius
264 1955 459 2002 notionis,
496 1967 565 2003 pro
590 1968 658 1996 eo,
693 1955 758 2002 qui
785 1954 926 2002 aliquid
950 1954 1074 2001 prius,
1112 1965 1222 2001 quam
1243 1952 1356 1991 alter..
1399 1949 1509 1992 facit3
1546 1948 1650 1986 unde

148 2020 228 2045 non
256 2006 464 2056 promffcue
490 2004 632 2051 ubique
655 2003 747 2051 poni
777 2004 945 2050 poss‘unt,
980 2015 1022 2039 ut
1050 2016 1119 2038 nec
1147 2003 1207 2037 hic
1227 2000 1360 2037 eodem
1376 1998 1501 2039 sensu.
1535 1997 1598 2035 ubi
1626 2011 1650 2040 e

148 2068 326 2095 contextu
341 2067 420 2091 non
438 2052 488 2091 est
506 2054 547 2090 in
565 2053 861 2098 comparatione,
896 2052 957 2089 sed
980 2052 1019 2088 in
1044 2051 1159 2097 simpl.
1181 2050 1363 2092 notione,
1397 2060 1436 2095 et
1462 2048 1510 2084 de
1526 2047 1650 2084 barba.
1693 2075 1697 2080 .

146 2107 219 2149 ris,
249 2105 314 2153 qui
331 2115 459 2146 antea,
490 2102 557 2139 sub
577 2101 787 2139 Commodo
807 2112 846 2139 et
865 2103 1012 2142 Marem
1042 2101 1164 2137 fecere
1185 2101 1317 2136 turbas.
1374 2100 1416 2134 ln
1438 2102 1486 2136 ἐς.
1504 2099 1651 2145 ignorat

146 2157 230 2204 Stp.
249 2155 323 2191 Th.
349 2167 430 2190 non
460 2152 573 2189 modo
591 2152 673 2189 Lat.
691 2153 754 2199 ng.
770 2176 781 2194 ‚
816 2150 875 2187 sed
900 2150 1011 2187 etiam
1037 2149 1136 2187 hunc
1167 2151 1311 2187 locum,
1345 2148 1406 2183 ubi
1426 2147 1648 2194 copulantur

145 2205 227 2255 syn.
241 2230 253 2248 ,
279 2203 340 2241 sed
357 2202 542 2251 tropicum
566 2211 604 2238 et
624 2200 840 2249 proprium,
863 2199 905 2236 in
922 2204 985 2245 ἀφ.
1006 2199 1195 2246 proferens
1215 2198 1304 2233 haec
1327 2195 1451 2232 Nostri
1475 2194 1650 2232 memori.

145 2267 206 2293 ter
225 2268 247 2292 e
276 2253 370 2294 „lib.
398 2259 460 2289 1.“
486 2264 571 2288 cum
588 2252 648 2291 P..
683 2262 707 2285 e
734 2250 866 2298 quibus
891 2248 1011 2285 verbis
1038 2246 1180 2284 duobus
1209 2258 1247 2283 et
1274 2245 1356 2293 ipfis
1387 2243 1648 2293 intelliguntur

145 2303 288 2342 barbari
309 2302 423 2345 tales,
456 2301 521 2350 qui
540 2311 625 2337 ante
645 2299 685 2335 in
706 2299 815 2337 Rom.
837 2298 985 2335 ditione
1003 2297 1163 2338 fuerint,
1196 2295 1245 2332 cf.
1271 2308 1302 2336 ι.
1323 2308 1356 2336 2,
1377 2307 1411 2340 9.
1431 2305 1479 2330 m.
1507 2306 1545 2331 et
1565 2306 1597 2336 2,
1610 2304 1647 2336 2,

152 2366 209 2399 ¹9·
256 2354 350 2391 Mox
369 2351 462 2389 alius
478 2351 528 2388 est
543 2347 677 2389 sensus,
700 2360 810 2397 quzm
820 2360 853 2390 2,
867 2361 901 2390 2,
917 2360 966 2392 17.
978 2371 989 2388 ,
1012 2346 1051 2383 in
1064 2346 1170 2382 subst.
1190 2350 1244 2391 ἃς.
1259 2357 1344 2381 cum
1357 2356 1480 2392 praep.
1496 2367 1508 2384 ‚
1534 2354 1647 2391 quarn

146 2403 344 2440 formulam
356 2401 528 2452 ignorant
539 2402 590 2437 St.
602 2410 641 2435 et
653 2399 718 2434 Gs.
730 2399 816 2440 Th„
828 2396 1068 2434 adiuvandam
1081 2395 1192 2443 ellipsi
1206 2394 1393 2431 cuiusdam
1407 2392 1583 2439 particip„
1602 2400 1647 2427 ut

146 2456 425 2496 ἐπιδεικνυμένης,
455 2455 672 2497 φαινομένης.
705 2448 889 2494 spcstante
910 2447 983 2482 tale
1011 2445 1100 2494 quid
1121 2455 1158 2480 et
1181 2445 1244 2487 P.,
1272 2441 1334 2492 qui
1358 2441 1508 2488 oblique
1530 2440 1645 2476 refert

144 2514 231 2551 gen.
254 2513 360 2549 pron.
384 2500 478 2549 pers.
501 2500 606 2538 αὐτοῦ
625 2510 709 2534 cum
734 2497 838 2533 subst.
867 2512 980 2542 ςρκτ..
1007 2494 1200 2543 cognitum
1220 2492 1502 2539 etiamStp.Th.
1522 2489 1644 2527 aliun-

145 2554 194 2588 de
213 2562 246 2598 3,
268 2558 368 2596 1073.
391 2550 434 2585 C.
455 2562 508 2591 e.‚
534 2558 690 2598 proquo
711 2547 793 2582 casu
813 2547 926 2582 libere
947 2547 1009 2593 ssg.
1029 2543 1325 2582 sumfiteundem
1342 2541 1386 2577 ad
1406 2550 1467 2583 τῆς
1487 2544 1564 2587 ἂμ,
1589 2537 1645 2576 se·

146 2601 294 2642 verius,
332 2611 443 2646 quam
471 2599 509 2635 P.
522 2622 535 2640 .
562 2596 731 2633 versante
749 2595 860 2633 etiam
878 2594 965 2630 Sch.
985 2594 1024 2630 in
1048 2610 1131 2638 ,,μν.
1151 2591 1329 2629 memoria
1347 2590 1541 2627 virtutis.‹‘

195 2654 302 2694 πίςει)
325 2649 407 2685 Sch.
429 2647 467 2684 in
487 2664 539 2693 w.
565 2644 702 2695 „iustae
722 2644 833 2682 animi
848 2643 1074 2692 J'ententiae“
1099 2642 1267 2679 deserens
1279 2643 1338 2682 P„
1359 2650 1402 2675 ut
1412 2641 1498 2688 Bg..
1524 2637 1643 2674 relato

145 2699 249 2738 subst.
266 2714 321 2744 γυ.
340 2700 384 2734 ad
403 2698 632 2736 Pertinacem
646 2721 657 2738 ,
688 2707 730 2731 ut
749 2693 917 2742 suppleas
935 2705 1041 2740 pron.
1061 2695 1164 2730 αὐτοῦ
1185 2704 1205 2728 e
1221 2703 1274 2738 pr.
1326 2688 1420 2729 Sed,
1449 2685 1643 2724 reddendo

144 2748 253 2790 {ubst.
273 2763 345 2789 mr.
365 2746 438 2786 five
456 2760 541 2788 cum
561 2747 624 2796 Bg.
636 2769 649 2788 ,
683 2743 754 2783 five
774 2757 838 2793 per
855 2742 934 2793 syn.
957 2742 1036 2781 fere
1056 2743 1164 2785 haec,
1192 2754 1227 2777 v.
1239 2751 1272 2777 c.
1292 2737 1510 2777 existimatio
1532 2746 1645 2779 certa,
