1722 3086
79 93 101 128 1
119 95 148 127 0
161 95 190 141 4
204 77 236 129 6
300 81 476 129 LIBER
493 81 570 130 IV.
590 81 826 131 CARXV.
857 83 979 130 AV.
1001 83 1051 131 C.
1073 98 1187 146 970.
1208 81 1431 133 CHRN.
1445 91 1564 145 2172

80 195 288 251 maadi
329 197 472 251 ἄλλοι
505 199 814 269 τεχνάςματοι
836 198 859 228 ¹³
894 208 1039 257 multa
1078 209 1445 257 machinamenta
1483 209 1644 267 ferrea,

82 271 282 349 σιὸἥξων,
313 277 558 348 ὀξυτάτας
583 278 759 349 ἐξοχάς
782 300 861 331 πε·
895 283 1148 335 acutissimis
1189 287 1367 350 angulis
1423 287 1646 355 praedita,

83 455 92 466 .
141 409 207 487 Mi)
230 412 266 444 ln
286 412 349 444 Ms.
370 413 423 445 Ba.
444 411 537 446 abest
559 416 684 451 πολλὰ.
708 423 744 447 et
771 414 897 456 legitur
917 417 1002 448 ἄλλα
1020 419 1090 448 τινὰ
1115 427 1203 454 τιχν.
1223 416 1338 449 Mart.
1383 415 1428 449 Et
1446 416 1489 450 fic
1504 425 1648 468 quoqne

83 457 1177 552 2¹¹...1‘15355221a321„¹3³1.‡'.‘35.‘.5.‘.53333.³3'52.¹”v.“1¹.2.¹³³·
1199 472 1233 496 ²·
1254 464 1290 495 L·
1310 462 1380 501 ³¹⁰
1404 472 1479 495 ‘²²‘
1503 473 1539 494 ¹¹¹
1565 462 1652 495 ‘dd‘

85 627 134 656 ut
159 619 312 669 tropico
334 633 393 668 ap.
411 620 517 659 Suid.
538 623 722 660 Ammon.
744 623 887 661 Thom.
911 623 969 660 Μ.
993 636 1027 672 p.
1053 631 1137 670 845.
1159 621 1183 659 i.
1204 635 1291 662 cum
1315 623 1397 661 lnd.
1417 625 1514 662 Xen.
1538 621 1646 661 Heli.

86 678 130 705 et
151 669 213 706 Fa.
226 671 310 708 Aes.
333 670 394 707 sed
415 674 512 722 plur.
536 678 630 716 σιδ.,
659 686 811 712 tacente
831 676 914 720 Stp.
933 675 1032 716 Th..
1058 685 1209 712 tantum
1232 675 1426 725 ap.Schoi.
1448 675 1650 712 Eur-Hec-

89 731 125 754 v.
152 725 237 767 536.
257 732 294 758 at
320 720 410 772 sing.
432 736 491 770 ap.
513 724 631 760 Hom.
656 725 773 762 Hesd.
795 724 888 762 Can.
911 725 1034 772 Orph.
1054 725 1172 773 Soph.
1195 725 1255 762 Αἱ.
1279 727 1365 763 Eur.
1393 725 1512 774 Hipp.
1535 725 1649 763 Phoc.

88 769 158 808 Rs.
175 772 243 808 Or.
262 771 306 808 V.
330 786 365 817 4.
391 777 424 809 6.
446 774 557 811 Dem.
582 774 674 812 Luc.
693 776 823 824 Geop.
850 775 947 814 Plut.
970 777 1038 813 Hs.
1060 786 1100 813 et
1126 777 1219 825 Krg.
1242 776 1295 813 Fi.
1320 775 1396 813 Pal.
1420 787 1460 813 et
1479 777 1538 812 Fa.
1557 777 1650 813 Aes.

90 831 179 858 curn
201 822 293 878 Abx.
316 823 379 861 Di.
396 825 471 861 Th.
494 836 534 862 et
554 826 596 863 L.
624 826 673 863 N.
695 827 744 863 T.
768 825 852 873 (ubi
872 838 912 863 et
939 826 1014 864 adi.
1036 825 1148 864 affine
1167 840 1252 864 curn
1274 826 1380 864 Suid.
1402 825 1517 875 Hesy.
1535 827 1653 863 Dem-

90 870 186 909 Luc.
217 883 258 910 1t.
279 874 330 910 Fi.
357 874 491 913 Aesch.
513 886 554 912 et
581 875 674 919 1³21.)
694 877 758 915 sed
785 890 872 914 cum
902 876 979 914 alio
1009 876 1120 915 subst.
1152 877 1193 915 in
1224 877 1414 926 regimine
1440 875 1566 914 forsan
1588 887 1652 926 ap.

89 923 184 961 Call·
204 918 296 970 ἕςγα
317 923 456 974 σιδήρου
480 939 520 964 et
547 926 682 965 Aesch.
706 927 762 964 Fi.
785 942 820 971 ε,
839 940 895 974 24.
919 941 969 964 m.
997 930 1047 976 τᾷ
1065 932 1197 977 ἄρχείῳ
1219 931 1282 966 τοῦ
1305 924 1466 976 σιδήρου,
1489 939 1655 976 quomo·

93 973 145 1010 do
165 972 229 1011 hic
256 974 375 1025 iungo
404 988 444 1013 et
466 976 573 1015 sumo
598 990 668 1027 pro
695 978 803 1017 subst.
824 990 862 1015 et
883 978 956 1016 adi.
980 990 1067 1016 cum
1095 982 1159 1028 Bg.
1183 992 1204 1016 e
1223 979 1260 1015 P.
1284 979 1349 1016 ubi
1373 977 1512 1016 Noster
1532 977 1654 1016 modo

92 1035 162 1073 per
183 1024 330 1075 analog.
345 1051 356 1069 ,
384 1039 450 1074 per
469 1039 585 1074 quam
607 1039 646 1065 et
666 1028 872 1077 aliquoties
904 1029 1108 1078 usurpabat
1136 1028 1213 1067 duo
1240 1028 1375 1072 subst.‚
1401 1027 1451 1067 cf.
1471 1038 1506 1077 3,
1528 1037 1566 1072 8,
1591 1040 1653 1077 ¹4·

92 1083 189 1131 αις,
207 1077 243 1116 6,
266 1087 323 1123 23.
349 1076 454 1114 unde
475 1091 556 1115 non
580 1090 675 1127 opus
704 1079 749 1117 fit
768 1078 1041 1118 emendatione
1071 1079 1183 1121 Rsk..
1215 1093 1284 1129 pro
1307 1079 1416 1118 cuius
1438 1079 1550 1128 privo
1575 1092 1655 1117 no-

93 1137 201 1182 mme
222 1125 289 1172 (cf.
306 1127 387 1164 ind.
403 1129 538 1166 Herdt.
562 1139 602 1166 et
616 1130 760 1179 Geop.)
782 1130 844 1167 hic
865 1129 915 1167 est
940 1129 1162 1179 periphrasis
1184 1144 1250 1179 per
1266 1148 1367 1176 τεχυ.
1393 1133 1459 1169 σιδ.
1507 1132 1549 1168 ln
1569 1130 1654 1179 sqq.

94 1175 248 1231 brevior
268 1177 319 1214 est
343 1179 402 1220 P„
433 1192 545 1227 quam
566 1191 611 1217 ut
641 1181 811 1229 liqueat,
839 1182 930 1230 quid
955 1182 994 1219 in
1024 1183 1121 1219 Cod.
1152 1180 1221 1220 suo
1249 1181 1443 1223 habuerit.
1471 1180 1537 1218 ubi
1565 1181 1654 1218 bre-

92 1225 234 1264 vlffima
256 1240 295 1266 et
322 1228 501 1267 leniffima
526 1230 706 1268 medendi
736 1232 833 1270 ratio
853 1231 903 1269 est
926 1244 944 1269 a
974 1244 1036 1269 me
1065 1232 1210 1270 dudum
1236 1231 1406 1280 suscepta
1428 1243 1518 1270 cum
1544 1233 1610 1280 Bg.
1631 1242 1655 1268 e

94 1277 160 1314 Sb.
186 1289 253 1326 per
275 1279 391 1317 accus.
417 1281 454 1318 in
487 1280 538 1328 ἐξ.
565 1280 654 1331 quia
676 1282 778 1332 vulg.
807 1293 920 1332 gen.,
947 1294 1055 1321 ortus
1077 1297 1099 1320 e
1127 1296 1182 1331 pr.
1202 1281 1385 1320 finitione
1409 1282 1575 1324 iterum.
1602 1279 1656 1320 cf.

100 1338 135 1370 1,
160 1339 193 1371 ι,
215 1339 248 1376 3.
273 1342 439 1373 e.-1,10.
463 1345 496 1377 4.
521 1344 553 1374 1,
579 1343 634 1377 ις,
660 1343 715 1368 11.
734 1346 768 1369 e.
791 1346 827 1374 2.
853 1346 888 1380 5.
912 1346 966 1370 ιε.
995 1347 1018 1370 e
1039 1334 1188 1370 solenni
1221 1347 1296 1382 que
1318 1331 1547 1371 confusione
1566 1331 1657 1368 isto·

97 1388 184 1415 rum
203 1379 338 1418 finium
362 1394 403 1418 ac
429 1382 665 1421 litterarum.
695 1382 746 1420 cf.
768 1397 806 1429 4,
828 1395 885 1430 ι4,
915 1396 965 1427 1.,
989 1396 1072 1421 non
1094 1382 1145 1420 ita
1168 1383 1391 1420 necessarius
1415 1383 1466 1421 est
1485 1395 1573 1420 cum
1600 1395 1659 1431 pr.

95 1432 188 1474 6¹3..
215 1442 261 1470 ut
289 1431 407 1470 accus.
428 1445 514 1470 curn
545 1431 597 1479 sq.
615 1436 692 1481 iz„
727 1444 825 1482 quae
852 1433 898 1470 ad
927 1435 1148 1471 nocendum
1176 1433 1218 1471 in
1249 1447 1289 1471 re
1321 1434 1509 1482 praesenti
1540 1433 1658 1470 debe-

97 1479 193 1520 bant
214 1481 421 1530 epitheton
446 1483 520 1520 tale
542 1485 648 1531 quod
675 1483 834 1526 habere;
861 1483 977 1521 dante
1003 1485 1066 1522 Sb.
1091 1485 1173 1522 lnd.
1199 1484 1315 1521 modo
1338 1497 1406 1532 per
1428 1482 1658 1531 compendi-

96 1540 163 1567 um
190 1532 410 1583 ambiguum
439 1537 589 1581 υέξοχαὶ
616 1532 759 1580 nedem
781 1534 907 1581 ὄξυτ.“
938 1533 1003 1572 sed
1021 1547 1108 1572 cum
1130 1534 1213 1572 lest.
1232 1536 1332 1584 vulg.
1353 1537 1435 1584 Stp.
1457 1534 1534 1571 Th.
1555 1533 1596 1571 in
1620 1544 1662 1570 v.

99 1583 152 1629 ἔξ·
182 1584 252 1624 „in
273 1583 411 1633 quibus
423 1585 546 1631 ferra
567 1584 773 1622 acutiffima
791 1585 1076 1635 prominerem“
1104 1598 1167 1622 me
1189 1596 1315 1622 autem
1339 1585 1659 1632 deprehendente

100 1645 294 1681 praeterea
313 1638 360 1681 ἐξ.
384 1646 468 1671 cum
489 1646 576 1685 gen.
596 1634 726 1684 aliquo
745 1633 899 1686 physice
917 1648 976 1684 ap.
1001 1633 1117 1673 Diod.
1137 1637 1175 1673 S.
1199 1634 1263 1673 sed
1287 1634 1434 1684 tropice
1458 1647 1518 1684 ap.
1536 1635 1662 1684 Long.

100 1683 204 1724 Mor.
226 1696 314 1721 cum
334 1686 377 1723 L.
388 1686 438 1723 N.
451 1686 522 1728 T..
549 1683 689 1723 iterum
709 1685 900 1724 scribente
911 1685 1052 1724 Nostro
1072 1698 1225 1725 tantum
1243 1685 1288 1722 ad
1312 1685 1475 1736 analog..
1501 1684 1569 1722 ubi
1590 1685 1661 1736 Bg.

101 1735 230 1783 perite
249 1735 321 1772 huc
344 1735 610 1774 accommodat
629 1749 709 1774 rem
729 1748 1032 1786 geometrarum.
1058 1749 1226 1785 quorum
1244 1735 1371 1787 anguli
1393 1734 1478 1774 sane
1497 1736 1587 1774 sunt
1606 1746 1664 1773 et·

103 1787 179 1823 iam
206 1785 446 1830 eminentiae,
484 1787 612 1835 quoad
647 1787 881 1826 extrinsecus
910 1787 1147 1836 spefflnrm,
1191 1796 1237 1824 ut
1274 1785 1496 1825 nostratium
1523 1783 1663 1823 Ecken.

101 1836 167 1874 Sic
187 1847 228 1874 et
249 1837 366 1874 modo
387 1836 438 1874 est
457 1836 631 1888 analogia
651 1837 692 1875 in
711 1838 887 1888 particip.
907 1855 985 1886 mg.
1005 1851 1090 1878 curn
1110 1837 1306 1881 adiunffls.
1333 1835 1416 1880 ubi',
1445 1848 1596 1875 tacente
1607 1837 1664 1880 P..

102 1885 252 1925 sensum
276 1900 434 1937 quoque
450 1888 551 1925 vidit
579 1888 665 1925 Sch.
685 1889 1046 1932 ‚‚machinamenta,
1073 1890 1314 1926 circumcirca
1337 1886 1517 1926 habentia
1548 1885 1617 1938 cus
1632 1886 1665 1923 1⁸0⁴

104 1938 197 1974 desc‘
215 1936 279 1976 sed
299 1951 345 1977 ex
365 1937 445 1976 lud.
459 1939 523 1976 Sb.
541 1952 551 1981 ς
570 1936 710 1988 quibus
731 1940 912 1978 omnibus
937 1938 1196 1982 nihisNoster‚
1221 1951 1332 1987 quam
1356 1936 1560 1986 periphrasi
1583 1950 1604 1975 e
1620 1949 1663 1974 o-

105 1985 239 2036 quitur
261 2000 398 2038 genera
418 1988 556 2036 prioris
576 1990 682 2027 vocis
699 1998 788 2039 ⁷3¹9·
803 2002 842 2028 ct
862 1990 1074 2028 nostrorum
1094 1989 1312 2041 Fuſsangeln
1333 1986 1560 2040 LFusseisen.
1596 1988 1666 2026 Ul·

105 2038 200 2076 tima
222 2039 287 2078 hic
305 2052 365 2076 res
389 2040 428 2079 in
442 2040 580 2077 ultimo
599 2051 635 2078 v.
649 2040 713 2083 est,
735 2042 799 2079 ubi
820 2041 909 2079 edd.
927 2039 1078 2090 simplex
1099 2041 1234 2078 canina
1254 2041 1381 2078 littera
1400 2039 1466 2088 (cf.
1488 2049 1521 2087 3,
1534 2041 1570 2083 6,
1586 2040 1668 2086 on

107 2088 245 2136 prodat
264 2089 468 2129 restionem
490 2090 655 2129 duorum
675 2092 769 2130 Mss.
782 2117 794 2135 ,
823 2103 922 2141 quae
940 2091 1056 2130 habet
1075 2092 1184 2129 aliam
1203 2091 1367 2129 formam
1385 2089 1492 2128 verbi
1515 2091 1667 2127 contrai

108 2138 180 2181 ai,
205 2139 256 2181 cf.
277 2155 314 2188 4.
331 2154 387 2184 ιε,
401 2156 436 2188 4.
460 2156 493 2179 e.
523 2145 627 2189 ἂμφ..
655 2142 761 2192 quod
783 2143 908 2180 thema
928 2150 1058 2190 ςιττέω
1079 2154 1120 2180 et
1135 2141 1260 2191 ipsum
1281 2142 1463 2178 habemus
1483 2138 1582 2178 infra
1602 2152 1665 2190 ap.

107 2189 234 2228 Nostr.
266 2191 349 2234 bis,
375 2191 576 2230 industum
604 2192 643 2230 h.
663 2193 688 2230 Ι.
709 2206 729 2229 a
750 2192 903 2230 librario
935 2204 1002 2232 aut
1031 2205 1099 2241 per
1125 2191 1268 2240 lapsum
1295 2192 1335 2229 in
1357 2191 1574 2234 vocalibus,
1596 2197 1667 2229 aut'

108 2252 178 2288 per
201 2241 354 2290 glossam
377 2256 398 2281 e
424 2242 715 2292 comparatione
745 2243 900 2281 iliorum
920 2256 979 2293 ap.
999 2243 1127 2282 Nossr.
1154 2246 1328 2282 locorum
1357 2242 1452 2279 alius
1482 2240 1666 2279 thematis

109 2303 152 2327 ac
174 2292 340 2336 formae,
366 2294 426 2331 ves
445 2293 606 2332 aliorum
625 2292 874 2342 scriptorum,
900 2306 966 2332 aut
987 2294 1154 2343 denique
1172 2305 1355 2343 tanquam
1378 2290 1600 2340 exquisitius
1627 2301 1668 2330 et

110 2341 251 2385 rarius,
278 2343 421 2393 (qualia
437 2344 546 2393 saepe
565 2344 781 2381 obtrudunt
802 2346 896 2381 Mss.
924 2345 1070 2389 nostri‚)
1097 2344 1240 2394 quippe
1266 2355 1458 2390 repertum
1487 2340 1582 2380 mihi
1609 2340 1669 2378 so-

110 2391 191 2431 lum
215 2396 332 2432 modo
354 2407 413 2444 ap.
432 2396 516 2432 Aes.
539 2395 588 2432 V.
611 2394 648 2430 h.
671 2397 761 2433 Luc.
780 2394 901 2432 Dion.
926 2397 974 2433 Η.
994 2395 1031 2432 S.
1051 2395 1100 2433 T.
1125 2407 1156 2432 1.
1186 2397 1299 2432 Dem.
1320 2394 1417 2431 Xen.
1437 2394 1479 2431 Z.
1499 2393 1582 2430 1³01.
1603 2395 1667 2442 Sy.

111 2445 199 2493 Cyr.
222 2456 261 2483 et
287 2444 381 2490 Ἀνβ.
405 2455 439 2493 3,
462 2455 497 2494 3,
520 2456 551 2482 1.
579 2444 664 2490 (ubi
695 2443 834 2483 diserte
857 2446 1025 2483 nostrum
1055 2457 1206 2494 ternpus
1231 2444 1434 2493 ἑρἑίπτσυν,
1461 2441 1525 2482 sed
1546 2443 1668 2480 altero

112 2495 195 2531 lnd.
218 2496 306 2532 loco
334 2508 365 2538 1,
381 2507 414 2539 ς,
430 2504 465 2537 8.
485 2493 605 2533 modo
627 2494 814 2543 ῥίψαντες,
843 2497 946 2544 quod
972 2508 1091 2544 aeque
1110 2494 1155 2533 sit
1173 2496 1329 2533 alterius
1351 2493 1541 2537 thematis,
1567 2492 1672 2531 usur-

116 2545 194 2594 pati
215 2545 292 2583 sine
312 2545 396 2584 Ind.
415 2547 587 2594 ap.Xen.
607 2546 663 2584 M.
678 2547 715 2583 S.
743 2557 776 2593 3,
801 2559 834 2588 1,
856 2559 888 2592 7.
912 2545 961 2583 cf.
984 2548 1128 2584 D‘Orv.
1151 2546 1224 2584 Ch.
1246 2558 1282 2595 p.
1307 2556 1389 2592 309.
1415 2548 1483 2592 m.)
1504 2556 1592 2582 cum
1612 2555 1674 2580 ca-

113 2607 221 2634 none
241 2608 300 2643 ap.
323 2596 465 2633 Thom.
486 2597 540 2633 M.
560 2607 598 2643 p.
619 2606 698 2644 783.
716 2595 827 2645 ῥίττω
848 2602 909 2643 μὲν
926 2603 967 2635 τὸ
989 2595 1106 2641 ἅπλῶς
1138 2596 1270 2644 ῥίπτει),
1295 2595 1402 2644 §ax-r&
1421 2599 1459 2634 δὲ
1479 2616 1519 2624 -
1539 2593 1581 2634 τὸ
1608 2611 1673 2642 με·

115 2652 163 2686 τὰ
190 2644 447 2693 σφοδρότητος,
473 2646 557 2684 fere
577 2658 620 2684 ut
640 2647 768 2684 Schol.
785 2647 903 2695 Soph.
921 2647 983 2685 Αἰ.
1005 2659 1041 2683 v.
1064 2657 1147 2695 239.
1168 2647 1232 2684 ubi
1255 2660 1322 2695 pro
1343 2643 1517 2695 particip.
1540 2644 1673 2693 ῥίπτειν

115 2716 157 2729 --
176 2704 217 2735 τὸ
244 2695 365 2739 ἅπλῶς
390 2695 509 2744 §mih
534 2695 636 2734 forte
654 2698 729 2747 leg.
745 2709 901 2746 quoque
921 2697 962 2735 in
982 2695 1069 2738 inf..
1092 2696 1198 2784 quod
1219 2709 1360 2734 vanum
1381 2695 1583 2734 discrimen
1604 2707 1674 2744 po-

117 2747 195 2787 tius
224 2746 317 2783 illuc
342 2745 630 2789 revocandum,
661 2759 706 2785 ut
731 2760 812 2785 non
834 2747 1070 2785 contraaum
1109 2758 1139 2784 it
1167 2745 1435 2796 frequentius.
1459 2758 1507 2786 ut
1534 2748 1677 2794 γςάφῷ,

116 2810 231 2848 quam
253 2806 406 2844 γραφῶ,
433 2798 540 2847 quod
561 2809 649 2836 curn
667 2796 776 2846 ᾆικτῶ
796 2808 993 2846 comparat
1011 2797 1104 2836 Bud.
1124 2798 1166 2835 C.
1189 2806 1273 2845 813,
1301 2809 1356 2843 ις.
1663 2792 1670 2811 ·’
