1722 3086
100 118 200 177 486
514 114 812 161 Excvksvs
846 115 932 161 AD
965 115 1114 164 uim.
1142 117 1205 174 u.

100 231 386 278 syrorumque,
421 242 466 266 ex
486 230 620 278 quibus
640 229 702 266 illa
721 229 853 268 fuerat.
904 230 956 268 Hi
979 242 1056 268 tres
1078 242 1181 273 vero,
1207 231 1459 277 Herodianus.
1483 233 1564 274 Dio
1585 244 1635 276 et

102 279 323 329 Oppianus,
349 280 504 321 istorum
525 291 630 320 erant
648 290 879 327 temporum,
905 281 1106 319 Antonino
1126 293 1164 317 et
1186 279 1301 318 iuliae
1318 283 1460 325 coaevi.
1483 283 1627 326 Romae

101 342 280 379 agentes,
314 342 353 367 et
370 330 432 378 qui
455 328 630 366 notitiam
651 330 804 371 illorum
821 332 996 369 habuere.
1049 332 1212 370 Contra,
1253 329 1314 378 qui
1342 331 1390 369 de
1409 333 1628 376 Antonino
1611 359 1635 376 ⁴
1673 360 1676 365 -

99 391 280 428 tanquam
298 379 433 420 Martia
456 391 570 419 nato,
606 378 737 416 Iuliam
759 393 958 419 novercam
983 391 1139 418 uxorem
1159 381 1344 420 ducente.
1380 393 1421 423 et
1439 395 1559 420 annos
1577 393 1624 431 43

99 430 277 471 vivente,
309 429 488 478 figmenta
507 429 716 470 tradidere
758 443 892 484 nempe
915 429 1173 485 Calliodorus.
1200 428 1362 466 Vistoris
1382 430 1627 485 epitomator.

99 478 304 520 Eusebius,
341 479 566 525 Eutropius,
604 479 721 534 longo
744 480 824 527 post
846 492 1017 528 tempore
1046 480 1194 520 vixere.
1229 479 1336 515 annis
1358 477 1503 519 circiter
1524 476 1628 519 osto-

100 528 204 579 ginta
227 529 306 576 post
324 529 520 576 scrinsere,
547 528 591 564 ab
609 528 690 564 aliis
709 531 880 578 decepti,
907 543 946 567 et
966 529 1058 565 alios
1080 528 1324 576 decipientes.

200 578 274 615 Sed
293 589 333 617 et
347 567 616 627 inscriptiones
637 578 747 616 huius
766 581 817 616 rei
836 580 1034 618 veritatem
1055 588 1230 634 arguunt.
1292 578 1422 615 Nam'
1412 591 1451 615 in
1472 579 1628 622 Gruteri

97 628 212 666 Thes.
234 641 266 676 p.
289 630 472 672 CCLXVI
495 629 543 668 N.
554 640 584 673 7.
607 628 675 664 lei
668 641 742 664 itur
761 629 915 678 inscript
919 630 954 666 io
975 629 1088 665 Iuliae
1109 627 1321 669 Dominae,
1359 641 1426 675 [²1¹⁰
1441 629 1629 673 Domnae.

96 677 154 719 Μ.
171 678 295 716 Aurei.
314 678 502 716 Antonini
521 675 652 714 Caes.
688 679 777 718 atri,
815 681 1030 736 iterumque
1051 691 1089 728 p.
1111 677 1238 714 eadem
1259 677 1375 718 Iuliae
1393 679 1490 729 Aug.
1512 679 1629 722 Matri

98 727 310 765 Castrorum
331 739 368 766 et
388 728 497 768 Matri
521 729 574 782 Μ.
598 728 742 764 Aurelii
761 728 964 766 Antonini.

95 827 125 869 L
145 828 163 864 i
198 779 301 819 Haec
326 779 528 831 MQrave
554 776 595 814 in
621 778 842 819 severianae
861 781 1010 818 Domus
1041 777 1189 828 synopsi
1215 777 1388 815 chronol.
1413 789 1452 827 p.
1476 777 1626 829 134.sq.

128 841 145 864 e
162 841 214 864 sn.

199 876 260 915 Ct
281 879 362 915 Exc.
389 877 472 913 ad
456 891 489 921 2,
510 892 544 924 9,
567 894 600 917 2.
625 880 662 916 in
685 879 808 915 Severi
832 890 870 915 ee
896 891 1032 919 uxores
1055 888 1093 914 et
1122 876 1218 916 filios
1239 879 1396 924 eSpart.
1409 900 1421 919 .
1449 876 1492 916 ad
1516 877 1631 916 cuius

94 939 135 975 P·
160 940 240 973 59²-
263 942 294 965 e·
327 937 480 967 uxorem
513 941 597 967 tunc
618 928 794 966 Marciam
813 931 918 965 duxit
939 927 1016 969 Cas.
1038 929 1084 965 Ν.
1109 940 1140 974 5.
1194 929 1330 968 „Haec
1351 926 1526 964 Caracalli
1552 940 1629 965 ma,

97 990 167 1014 rer.
216 978 305 1014 Ideo
324 978 414 1015 Iulia
431 978 571 1016 dicitur
595 980 684 1017 alibi
704 980 900 1025 Spartiano
917 979 1027 1033 huius
1046 991 1123 1014 nov
1127 990 1230 1018 crea,
1259 978 1381 1014 Getae
1402 989 1528 1013 mater.
1578 978 1629 1021 Et

94 1027 174 1066 Dio
195 1040 320 1064 tamen
347 1039 387 1064 et
408 1029 651 1068 Herodianus
677 1041 830 1066 matrem
861 1042 939 1066 non
970 1027 1093 1064 minus
1113 1027 1326 1070 Antonini,
1360 1038 1469 1074 quam
1491 1027 1633 1074 Getae.

93 1077 223 1116 Iuliam
243 1077 418 1118 faciunt“
444 1078 670 1135 respiciens,
705 1078 842 1121 credo,
867 1080 988 1127 Spart,
1005 1077 1044 1114 in
1064 1078 1190 1115 Carae.
1212 1090 1243 1112 c.
1262 1089 1315 1113 10.
1329 1074 1353 1111 i.
1378 1088 1412 1123 p
1423 1085 1531 1122 730..
1559 1075 1627 1116 sed

92 1133 224 1169 tacens
243 1128 287 1166 ad
311 1126 480 1169 eiusdem
501 1129 656 1172 locum
647 1143 688 1167 in
706 1131 789 1167 Sev.
811 1141 842 1166 c.
856 1139 914 1167 2.0
934 1142 972 1178 p.
986 1132 1095 1175 632..
1124 1125 1187 1164 ubi
1211 1126 1260 1164 cf.
1281 1125 1392 1163 Salm.
1408 1126 1458 1165 N.
1482 1138 1516 1173 5.
