1722 3086
107 127 174 173 80
257 119 1559 180 LIBERn.CAP.1n.A.V.C.946.CHR.N.193;
1696 94 1722 163 εἰ

102 234 417 301 ,,ἆ“υσ-έ(ζ>ικτον0
497 237 612 285 ἁλλ’
635 237 674 284 ἐν
693 240 710 269 ⁸
743 240 849 289 ταῖς
888 254 934 287 re
964 237 1161 288 arduum.
1247 235 1337 289 Sed
1362 238 1409 289 in
1431 237 1632 308 viciffltur
1698 236 1722 279 ¹·

103 313 363 382 ,μ’μοιῼαῖς
404 312 425 348 ¹¹
471 312 551 362 καὶ
593 307 738 381 μικροὶ
779 311 853 377 μὲν
893 313 987 364 dine
997 313 1290 384 beneficiorum
1313 317 1438 365 etiam
1455 317 1522 378 iis,
1554 316 1631 386 qui
1719 320 1722 330 '

102 391 359 455 „AoeBoDo-sv
394 383 644 452 α’ντιδοῦνοᾳ
690 385 849 456 μεῖζον
879 407 1031 459 parva
1042 393 1290 461 acceperint,
1303 390 1483 442 redditio
1495 392 1630 442 maio-

200 527 232 564 g)
260 523 306 554 Μ.
323 522 377 553 Ba.
395 523 428 552 ἐν
445 524 498 558 μὶν
515 523 583 555 ταῖς
601 527 655 555 z..
688 530 726 552 v.
742 519 790 553 N.
872 519 906 559 h)
932 520 969 552 In
998 521 1074 553 edd.
1100 520 1156 552 hic
1183 531 1313 552 comma
1339 530 1433 559 erat,
1464 518 1567 552 etiam
1594 506 1649 554 inl

99 568 207 606 uss..
238 566 433 600 tacentibus
454 568 574 607 Excp.,
609 563 665 597 sed
683 564 756 607 post
774 566 856 605 μιιζ.
877 576 1007 598 comma
1025 567 1141 598 deerat
1158 567 1262 599 modo
1283 567 1316 598 in
1335 567 1415 600 ΒΛ.
1434 565 1495 605 R..
1526 566 1562 598 vl
1581 563 1629 599 N.

99 680 248 730 prorsus
267 677 390 718 fuiss‘e,
411 677 594 715 rationem
616 676 801 721 invenire,
831 689 905 726 qua
923 676 1085 714 studium
1100 676 1195 715 iliud
1213 678 1366 718 alterius
1383 691 1470 728 erga
1491 691 1529 716 te
1547 675 1628 726 pati

98 731 268 768 mensura
287 727 591 775 compensaretur
604 753 614 770 ‚
636 727 698 764 sed
713 728 877 765 absolute
889 739 928 764 et
936 727 1102 765 destriae
1111 727 1257 765 haberis
1268 741 1382 776 atque
1395 729 1498 766 audis
1510 729 1629 765 homo

101 781 249 822 tardus,
278 780 520 826 importunus
533 802 544 818 ‚
579 790 618 815 et
637 788 877 825 acceptorum
891 776 1160 814 beneficiorum
1173 778 1283 825 plane
1299 779 1497 816 immemor
1515 789 1632 825 atque

99 840 308 867 contemtor.
355 828 455 864 Iuvit
475 827 638 865 difficilis
658 825 770 865 huius
793 827 871 864 loci
889 827 1117 865 sententiam
1135 827 1291 878 quadam
1313 825 1410 878 quafi
1430 827 1628 865 circumlo-

99 880 259 918 cutione
279 878 489 927 explanare.
517 876 635 915 Reisk.

201 929 337 966 Manet
367 941 451 966 curn
482 927 585 965 libris
615 928 792 964 omnibus
817 926 859 964 in
881 927 980 976 vulg.
1008 938 1048 963 et
1067 926 1230 963 lestione
1259 937 1299 964 et
1327 926 1566 964 distinctione
1586 926 1626 964 Ρ.

101 992 282 1031 quoque,
318 977 385 1015 nisi
407 978 510 1025 quod
533 978 654 1015 libere
674 976 847 1014 ordinem
871 974 1182 1013 enunciationum
1205 987 1341 1019 mutat,
1366 989 1447 1015 tum
1469 977 1551 1014 adv.
1565 976 1629 1013 ad-

99 1032 161 1069 dit
178 1041 220 1067 et
243 1034 312 1074 γὰρ
334 1040 396 1076 per
417 1027 497 1075 syn.
517 1027 665 1068 reddit;
699 1039 772 1064 nec
793 1038 889 1074 opus
911 1025 962 1063 est
978 1038 1118 1063 novare
1137 1026 1252 1075 quid,
1290 1039 1377 1064 cum
1402 1027 1554 1075 antiqua
1573 1026 1629 1062 fa·

100 1080 206 1118 ciant
224 1077 450 1116 sententiam
470 1078 727 1119 commodam.
761 1075 874 1113 etiam
901 1076 1101 1123 expressam
1124 1077 1221 1112 bene
1238 1088 1257 1112 a
1275 1078 1340 1125 ng.
1353 1102 1364 1120 ‚
1397 1087 1477 1113 tum
1497 1075 1628 1113 omisso

99 1144 137 1168 v.
161 1128 290 1169 substq
318 1140 337 1163 a
361 1128 398 1163 P.
422 1127 608 1175 express‘o,
647 1138 731 1164 tum
751 1140 795 1163 ex
813 1125 948 1162 eodem
970 1125 1165 1162 reddendo
1184 1127 1322 1163 verbali
1344 1139 1412 1175 per
1429 1126 1503 1163 adi.
1533 1126 1629 1175 syn..

98 1180 165 1220 sed
182 1178 253 1216 adi.
276 1189 343 1225 pro
363 1175 478 1223 fimpl.
498 1174 567 1215 ἴσον
586 1189 651 1224 per
670 1176 867 1213 formulam
890 1175 960 1212 inf.
980 1188 1064 1212 cum
1084 1175 1174 1217 adi„
1205 1188 1409 1223 praeeunte
1421 1175 1532 1212 etiam
1543 1175 1629 1211 Sch-

97 1232 162 1273 ηδ.
185 1228 289 1277 quod
308 1227 368 1264 vix
388 1226 522 1275 assequi
547 1226 755 1273 possumus,
788 1225 846 1262 cui
870 1225 930 1261 vix
953 1237 1054 1273 pares
1076 1226 1218 1265 sumus,
1246 1238 1384 1273 nempe
1404 1227 1467 1273 par
1488 1224 1564 1273 pari
1586 1224 1629 1262 in

98 1278 244 1329 magnis
263 1275 455 1314 beneficiis
475 1275 639 1317 referre,
677 1282 725 1314 ἰσ.
743 1276 877 1324 paria,
912 1274 936 1312 s.
958 1275 1120 1323 aequalis
1141 1274 1278 1312 valoris
1297 1275 1468 1313 referre“
1492 1275 1629 1323 partim

97 1343 144 1368 ex
170 1328 250 1365 lnd.
271 1327 334 1363 sb.
359 1333 430 1366 „rb
453 1332 520 1369 ion,
548 1339 613 1375 par
635 1324 712 1373 pari
731 1324 830 1362 ref.“
857 1325 904 1361 cf.
925 1325 1006 1371 Stp.
1027 1325 1100 1360 Th.
1122 1336 1155 1359 v.
1175 1328 1204 1361 ὃ.
1225 1323 1301 1362 fine
1320 1324 1490 1365 austere,
1511 1324 1628 1362 etiam

96 1392 157 1427 ap.
177 1377 263 1414 Hes.
287 1389 318 1413 ι,
342 1388 447 1421 ιο4ς.
469 1389 538 1419 m.‚
570 1376 632 1413 sed
661 1385 850 1421 repertum
877 1373 1026 1422 phyfico
1053 1373 1159 1410 sensu
1189 1385 1227 1410 et
1254 1375 1424 1422 tropico,
1450 1385 1528 1421 quo
1549 1374 1625 1418 hic,

94 1442 166 1479 pto
185 1431 374 1473 δυσχερὲς,
407 1425 530 1472 (quod
552 1437 609 1472 ap.
630 1426 678 1463 G.
698 1424 775 1461 Th.
798 1424 837 1461 in
859 1426 938 1473 Bg.)
960 1422 983 1459 s.
1004 1427 1063 1461 οὐκ
1081 1427 1243 1470 εὐμαρὲς,
1279 1437 1342 1472 per
1368 1423 1472 1473 quod
1491 1424 1626 1462 Noster

84 1491 189 1517 rmox
208 1478 345 1518 variat,
373 1474 414 1512 in
432 1475 514 1513 lnd.
535 1476 630 1513 Plut.
651 1474 697 1511 de
720 1473 824 1512 discr.
844 1475 910 1511 Gs.
932 1474 1019 1510 Chr.
1041 1485 1126 1510 cum
1143 1474 1231 1523 Krg.
1260 1473 1302 1510 it.
1324 1486 1384 1521 ap.
1404 1472 1518 1511 Diod.
1539 1475 1576 1511 S.
1592 1486 1626 1517 r,

98 1537 185 1573 285.
206 1529 230 1565 l.
257 1537 289 1572 3.
316 1536 355 1562 et
380 1533 510 1572 p.253.
529 1524 553 1561 Ι.
570 1535 625 1569 32.
655 1528 683 1562 δ.
712 1520 767 1561 οὖν
793 1527 840 1563 ἐςῖ
869 1522 911 1561 wi
935 1523 1012 1562 κατ’
1034 1523 1131 1569 ἀξίαι-ι
1160 1519 1280 1563 ἕκκςον
1307 1531 1373 1560 τῶν
1403 1525 1626 1570 πραχθέντων

98 1579 338 1623 ἑπαγγεῖλη,
373 1576 525 1611 arduum
547 1574 664 1624 igitur.
677 1573 725 1623 est
745 1585 786 1609 ac
805 1572 949 1617 difficile
962 1597 972 1614 ‚
1001 1573 1066 1610 rel.
1081 1597 1092 1615 ,
1120 1584 1186 1615 ut,
1212 1573 1427 1611 tacentibus
1440 1573 1531 1610 meis
1543 1572 1628 1622 qui-

97 1629 185 1666 dem
206 1626 313 1664 lndd.
333 1625 398 1661 rel.
413 1651 423 1668 ‚
461 1637 534 1661 vox
561 1624 731 1661 videatur
751 1624 953 1660 recentior.
1007 1623 1108 1658 Tum
1134 1629 1178 1660 ἰσ.
1209 1634 1267 1670 ap.
1286 1626 1369 1669 Stp.
1389 1622 1461 1659 Th.
1489 1623 1579 1659 hinc
1602 1635 1627 1658 e

95 1679 138 1717 P.
159 1689 200 1713 ac
220 1676 300 1712 solo
319 1688 340 1711 e
362 1673 497 1711 Nostro
511 1700 523 1716 ,
548 1673 613 1720 qui
634 1674 718 1710 sane
737 1685 806 1720 pro
827 1673 936 1720 privo
958 1671 1026 1708 ino
1046 1671 1116 1714 ἶσος
1138 1671 1200 1708 hic
1217 1683 1254 1709 et
1268 1670 1354 1708 aiibi
1375 1671 1531 1719 ceperit,
1557 1684 1625 1708 ne·

126 1727 217 1764 'esta
236 1725 341 1762 vocis
362 1724 524 1760 notione
537 1736 578 1758 ac
601 1733 705 1770 parte
724 1733 886 1759 extrema
899 1746 909 1763 ‚
937 1733 1047 1769 quarn
1067 1722 1403 1758 tamennotionem
1415 1734 1493 1757 non
1505 1721 1626 1758 aliun-

95 1741 144 1814 Ξε
163 1775 267 1813 tenui
281 1798 292 1815 ‚
327 1774 378 1810 cf.
398 1774 438 1811 L.
451 1774 503 1810 N.
521 1773 570 1808 T.
598 1771 678 1809 Ind.
699 1773 838 1810 D’Orv.
861 1773 931 1810 Ch.
952 1773 1040 1808 Luc.
1061 1783 1101 1809 et
1123 1770 1238 1808 Dion.
1258 1772 1326 1810 C..
1352 1783 1391 1808 at
1407 1782 1532 1808 neutr.
1554 1783 1624 1819 pro

96 1826 205 1866 subst.
230 1837 285 1871 ap.
303 1823 373 1861 Ios.
402 1835 432 1865 i,
449 1833 533 1870 443.
556 1836 589 1859 e.
1672 1862 1676 1863 ⁷

142 1875 220 1915 ἄλλ’
241 1879 272 1912 ἐν
290 1875 339 1920 τ.)
362 1871 493 1910 Additi
516 1884 535 1907 a
555 1872 627 1909 Ms.
646 1877 707 1916 μὲν
726 1882 806 1908 non
827 1869 879 1907 est
898 1869 1090 1920 vestigium
1111 1868 1149 1907 in
1163 1871 1200 1906 P.
1213 1897 1224 1914 ,
1260 1869 1325 1919 qui
1344 1880 1481 1907 etmox
1492 1868 1545 1916 sq.
1561 1874 1623 1915 μὲν

97 1939 182 1965 non
200 1927 296 1962 bene
320 1936 406 1960 cum
423 1924 489 1970 Bg.
512 1921 716 1970 opprimit,
751 1921 839 1968 quia
858 1920 1021 1957 refertur
1043 1920 1088 1957 ad
1108 1920 1162 1969 sq.
1178 1921 1210 1970 §.
1231 1920 1260 1958 δ’
1278 1921 1318 1956 in
1338 1918 1519 1968 oppofitis
1544 1931 1624 1965 par-

95 1977 156 2013 vis
175 1987 212 2011 et
231 1973 399 2021 augrus,
434 1984 519 2009 cum
545 1981 678 2007 contra
707 1969 749 2006 in
771 1970 845 2006 Ms.
868 1970 1024 2020 regione
1055 1972 1234 2018 particula
1265 1969 1326 2006 ista
1349 1970 1418 2006 stet
1445 1967 1621 2012 solitaria,

95 2026 200 2074 quod
221 2035 260 2060 et
281 2022 369 2059 alias
391 2022 546 2070 quidem
565 2019 623 2060 fit,
652 2030 704 2059 et,
731 2017 755 2054 fi
776 2019 958 2056 exciderit
976 2021 1026 2057 ob
1048 2032 1102 2067 pr.
1122 2020 1296 2068 syllabam
1316 2023 1348 2057 ἐν
1366 2017 1536 2059 similem,
1560 2018 1624 2056 hie

97 2076 193 2114 illud
213 2066 350 2114 efficit,
380 2082 424 2108 ut
444 2070 483 2107 in
504 2068 640 2106 vicinia
664 2068 721 2106 bis
742 2080 926 2116 ponatur,
952 2068 999 2105 cf.
1020 2070 1162 2107 D'Orv.
1184 2069 1254 2105 Ch.
1275 2071 1406 2115 p.56o.
1428 2081 1463 2104 e.
1487 2067 1575 2104 Luc.
1588 2078 1623 2114 3.

96 2138 157 2173 92·
181 2124 276 2166 N.9.
297 2123 333 2158 b.
355 2132 397 2158 ee
411 2121 498 2157 Abr.
525 2121 587 2155 Di.
605 2118 678 2155 Th.
698 2131 735 2167 p.
750 2129 833 2163 59¹-
883 2118 983 2155 Tum
1006 2118 1130 2156 Leisn.
1153 2117 1193 2154 in
1211 2131 1260 2154 m.
1290 2119 1361 2154 Ms.
1379 2120 1443 2166 Bg.
1472 2116 1623 2166 „sedin

95 2169 396 2220 viciffitudinibus
416 2168 711 2209 beneficiorum,
746 2169 855 2204 etiam
875 2167 944 2208 iis,
979 2168 1042 2215 qui
1070 2181 1177 2216 parva
1202 2168 1428 2215 acceperint,
1464 2166 1622 2203 reddere

93 2223 238 2274 aliquid
255 2221 395 2263 maius,
430 2232 498 2256 non
516 2230 591 2256 tam
603 2219 746 2266 facile,
771 2229 881 2265 quam
893 2227 1046 2266 gratum
1066 2216 1136 2254 effe
1156 2218 1357 2254 videatur“
1383 2229 1468 2253 cum
1480 2219 1542 2265 Bg.
1563 2222 1624 2261 μὲν

96 2286 137 2314 et
162 2272 241 2322 ipse
261 2272 468 2311 omittens,
506 2268 568 2305 sed
596 2280 635 2319 et
655 2281 675 2304 e
698 2269 736 2304 Ρ.
764 2267 904 2303 addens
927 2267 966 2303 in
987 2267 1046 2310 ᾰμ.
1069 2280 1153 2316 gen.
1175 2270 1310 2313 ⁶³:227„
1349 2266 1486 2314 (qualis
1505 2278 1546 2302 et
1564 2265 1623 2302 di·

93 2325 190 2365 ferte
215 2322 265 2359 est
296 2333 351 2365 ap.
374 2321 458 2357 Eur.
481 2319 568 2355 Hel.
588 2331 624 2354 v.
650 2326 729 2363 158.
755 2319 830 2354 9εοῖ
862 2321 897 2354 δέ
917 2331 968 2354 σοι
986 2315 1135 2355 Ἐσθλῶν
1152 2316 1296 2363 ἀμοιβὰς
1322 2316 1620 2361 α’ντιδωρησαίατο,

93 2375 148 2412 dii
169 2386 256 2410 vero
276 2370 345 2408 tibi
366 2371 522 2406 reddant
540 2368 692 2417 gratiam
710 2376 774 2414 pro
794 2365 869 2402 tuis
889 2367 1081 2415 beneficiis,
1109 2378 1196 2403 cum
1217 2367 1252 2402 h.
1272 2367 1295 2401 l.
1316 2379 1336 2402 e
1350 2378 1403 2413 pr.
1420 2369 1623 2412 ahymmo-

95 2425 148 2461 do
166 2420 418 2470 supplendum
440 2417 484 2455 fit
506 2430 614 2465 pron.
635 2419 775 2460 αὐτῶ-κὴ
799 2427 879 2452 tum
898 2415 1043 2452 servans
1065 2417 1159 2464 plur.
1178 2415 1310 2459 subffi,
1338 2417 1528 2464 quemeP.
1549 2426 1618 2462 pro

93 2474 187 2521 fing.
205 2474 269 2520 Bg.
292 2470 393 2516 cepit
406 2493 417 2509 ‚
455 2481 566 2515 porro
588 2479 673 2503 cum
698 2468 759 2514 Bg.
779 2465 876 2501 reae
893 2465 1042 2502 sumens
1059 2466 1137 2508 m),
1170 2478 1188 2500 a
1206 2465 1246 2501 P.
1264 2464 1473 2514 neglectum
1489 2488 1501 2505 ι
1533 2462 1617 2510 (Qui

94 2536 136 2562 et
154 2524 272 2559 libere
296 2520 335 2556 in
360 2519 427 2555 rel.
446 2517 642 2562 versatum
669 2515 780 2552 etiam
802 2515 978 2562 particip.
999 2516 1094 2552 bene
1117 2514 1306 2552 resolvens
1324 2527 1409 2552 cum
1432 2516 1493 2562 Bg.
1510 2538 1521 2555 ‚
1556 2511 1620 2550 sed

94 2575 201 2614 hunc
220 2569 390 2608 deserens
410 2568 448 2603 in
474 2567 562 2609 rel.‚
605 2567 726 2613 primo
752 2564 792 2601 in
817 2563 888 2600 inf.
910 2565 1058 2605 severe.
1097 2577 1176 2600 non
1201 2577 1266 2612 per
1292 2563 1397 2602 subst-
1427 2575 1511 2606 cum
1531 2573 1618 2613 gen.

94 2627 157 2672 (ut
174 2620 284 2662 Sch„
312 2618 446 2666 partim
469 2629 489 2652 e
507 2617 568 2657 Ρ..
602 2615 644 2652 in
672 2614 775 2656 „iv-r.
797 2615 942 2660 referre
969 2615 1147 2650 maiorem
1162 2616 1360 2662 gratiam“
1386 2612 1448 2662 qui
1475 2623 1619 2650 merum
1684 2632 1702 2650 .-

95 2682 206 2712 tenet
229 2671 308 2706 Lat.
328 2666 433 2704 subst.
453 2666 650 2714 beneficium
671 2665 711 2701 in
732 2663 803 2699 adi.
825 2667 913 2710 μειζ.
935 2664 998 2700 ubi
1015 2664 1141 2700 Leisn.
1160 2664 1275 2701 libere
1295 2675 1398 2712 pron.
1410 2671 1445 2700 τὶ
1459 2661 1618 2703 affumit.

97 2735 183 2760 cum
202 2717 328 2758 Nostri
351 2727 483 2752 neutra
511 2715 590 2763 post
610 2715 699 2753 fem.
725 2716 923 2759 εὐεργεσιῶν
950 2713 1141 2759 requirant
1162 2726 1244 2750 non
1272 2726 1348 2759 tam
1375 2713 1485 2749 affine
1511 2710 1619 2749 subst-

96 2776 337 2818 ῄεςγέημα,
361 2778 472 2817 quam
491 2777 692 2803 commune
708 2772 840 2811 χρῆμα,
868 2773 932 2800 aur
947 2763 1104 2808 ἆγαθὸν,
1134 2764 1235 2812 quad
1253 2762 1287 2810 §.
1300 2763 1352 2812 sq.
1367 2762 1621 2812 exprimitur.)
