1722 3086
146 103 250 146 402
293 89 467 136 LIBER
488 88 541 132 Π.
574 88 699 134 CAP.
724 77 841 133 xm.
873 93 927 136 A.
950 90 1008 136 v.
1029 91 1080 138 c,
1108 91 1231 148 946.
1263 94 1404 141 CHR.
1425 95 1488 141 N.
1521 107 1638 152 193-
1698 94 1701 104 ’·

83 247 91 253 .
149 206 306 270 ,,λίων,
350 205 417 253 ἐπ’
442 202 642 272 α’ξγυξῖῳ
667 203 907 257 κατηλλαῒ
944 206 1055 257 velut
1074 207 1255 278 aliquod
1263 211 1674 278 exprivatorumt'n-

152 280 358 350 „gowssa
437 282 549 329 dms
579 275 667 329 οὐδ’
695 278 844 340 αὐτὸν,
867 279 910 329 ὃν
955 301 972 331 1
990 284 1300 353 3.strument0‚
1324 290 1506 354 pecunia
1523 288 1672 339 vendi-

151 361 314 422 ,ρῦτω
339 353 566 427 ἇξχονταῑ
585 356 793 419 εἵλεσθε,
820 363 905 421 ev·
940 359 1071 431 distis.
1085 359 1175 412 Sed
1181 379 1252 412 nec
1267 362 1379 412 illum
1390 362 1541 435 ipsum,
1551 383 1673 436 quem

239 498 266 533 t)
291 495 327 525 ln
349 495 412 526 Μς.
431 492 496 523 ve.
516 490 604 525 οὕτως
625 490 724 522 deest.
745 491 828 523 Zan.
852 492 945 533 quod
965 502 998 524 et
1015 492 1094 528 Loc.
1113 492 1154 524 ad
1172 491 1236 525 Mc.
1257 492 1311 525 Vi.
1332 493 1490 534 notabat,
1515 504 1554 530 ut
1571 498 1675 531 Mart.

146 551 166 572 e
186 542 252 574 MS.
273 540 326 571 Ba.
347 546 480 570 tantum
497 538 526 567 ’ὃν
546 538 655 569 εἵλεσθε
674 538 811 579 ἔρχονται
828 545 881 574 λ..
914 547 949 570 v.
968 536 1014 572 N.

146 661 180 693 τὶ
197 653 352 701 quidem
377 662 460 688 cum
483 661 567 698 gen.
592 662 657 698 per
681 661 805 697 praep.
829 649 1050 691 assumtam2
1077 648 1140 688 sed
1163 649 1235 687 adi.
1265 663 1305 688 et
1334 651 1441 690 subst.
1471 665 1541 700 per
1564 651 1670 691 [ubst.

147 705 225 742 duo
238 728 249 743 ‚
282 703 381 738 secus
401 713 442 736 ac
460 700 543 735 Sch.
566 702 605 736 in
632 716 692 740 me.
713 699 1045 737 instrumentorum
1061 702 1318 749 privatorun1“
1349 705 1409 751 ng.
1423 703 1502 739 Lat.
1516 702 1561 740 ad
1580 719 1670 750 κειμ.

146 754 340 791 nesciente
351 753 430 799 Stp.
443 751 516 785 Th.
533 776 542 790 ,
567 750 671 798 quod
687 752 720 786 h.
736 751 759 785 l.
775 762 842 796 pro
857 750 972 797 limpl.
992 749 1213 796 supelleistili
1226 763 1262 787 et
1276 754 1379 788 bono
1396 753 1521 790 valere
1533 753 1671 800 potest,

144 804 207 843 sed
225 814 266 839 et
284 801 447 838 notione
466 800 606 848 vulgari
622 824 632 841 ,
660 801 705 836 de
729 798 912 848 pretioso,
941 806 1067 848 (quam
1091 800 1205 835 solam
1227 804 1303 848 δερ.
1328 801 1450 843 novit,
1475 802 1667 840 atL.Ern.

144 853 256 892 etiam
286 852 354 896 „2)
376 850 538 898 supellex
559 850 757 898 quaevis“)
781 848 804 884 si
825 849 1038 898 respiciatur
1061 861 1233 898 magnum
1257 850 1351 887 illud
1372 851 1558 899 pretium,
1589 863 1669 900 quo

144 902 343 941 venditum
370 901 417 936 est
439 914 456 935 a
477 900 662 936 militibus
683 899 901 947 imperium,
934 899 981 936 cf.
1001 900 1044 936 ad
1067 912 1102 939 2,
1125 904 1161 940 ό,
1191 911 1243 935 ιε.
1269 913 1308 937 ct
1333 914 1409 946 14„
1443 911 1488 938 ut
1507 905 1549 940 ἰδ.
1569 899 1668 939 nihil

143 954 237 993 erit,
272 963 384 999 quam
403 951 505 991 ἴδιος,
541 951 640 986 velut
658 949 805 997 aliquod
822 950 1059 997 propriorum
1082 951 1263 991 bonorum,
1293 951 1397 988 cuius
1419 962 1486 986 vos
1506 948 1670 996 domini,

145 1004 252 1040 cuius
275 1002 356 1036 usus
376 999 413 1035 in
440 999 623 1047 potestate
642 999 770 1038 vestra,
797 1011 910 1047 atque
930 998 1023 1036 adeo
1044 1012 1111 1047 pro
1135 998 1300 1047 ὑμετέρων
1313 1000 1351 1035 h.
1367 1000 1391 1038 l.
1405 1024 1415 1041 ,
1441 1001 1668 1048 exprobran-

144 1065 183 1092 te
206 1055 342 1088 Severo
364 1050 546 1086 militibus
565 1049 765 1089 hocfimul,
794 1051 893 1097 quod
914 1062 982 1096 pro
995 1049 1147 1088 arbitrio
1160 1049 1308 1097 egerint
1329 1048 1669 1099 iuimperiidigni·

144 1113 240 1142 tate,
278 1112 455 1148 tanquam
476 1111 563 1135 cum
585 1113 624 1135 re
641 1099 797 1146 quadam
816 1099 876 1136 sua
896 1100 1143 1147 propriaque,
1172 1111 1255 1135 curn
1279 1099 1367 1135 effet
1386 1099 1503 1135 totius
1522 1099 1668 1147 populi,

141 1152 194 1189 cf.
218 1164 252 1192 2,
273 1161 306 1192 8,
332 1155 366 1186 6.
388 1163 457 1190 m.,
493 1148 554 1184 sed
583 1150 750 1185 servante
780 1151 841 1197 Bg.
866 1162 885 1184 e
907 1149 945 1184 P.
976 1149 1093 1185 libere
1123 1149 1289 1185 additum
1314 1161 1421 1196 pron.
1442 1148 1537 1194 ὁμεῖς
1566 1148 1613 1185 ad
1632 1160 1667 1185 v.

142 1218 243 1242 sca-r„
271 1199 318 1235 cf.
342 1212 375 1239 2,
403 1211 457 1239 10,
476 1213 531 1245 9.,
565 1210 643 1234 non
664 1198 754 1234 item
776 1198 878 1234 aliud
901 1198 1015 1245 quid,
1051 1197 1234 1235 servatum
1254 1211 1272 1234 a
1294 1199 1377 1234 Sch.
1403 1198 1668 1246 „permutastis

139 1255 176 1299 (e
195 1253 255 1286 Sb.
276 1249 372 1286 lnd.)
393 1249 414 1283 s.
439 1251 544 1284 vend.
568 1248 747 1296 pecunia,
781 1248 1075 1295 quqliseciores,
1111 1249 1320 1296 imperinm,
1355 1252 1454 1294 (non
1481 1248 1522 1285 in
1549 1249 1667 1285 verbo

137 1303 285 1339 latens,
324 1298 382 1333 sed
405 1310 446 1334 ex
469 1297 615 1333 historia
641 1310 680 1334 et
707 1296 804 1334 fauo
827 1299 986 1344 petitum
1015 1297 1116 1344 ipso,
1152 1297 1201 1333 cf.
1224 1310 1256 1339 2,
1279 1301 1314 1339 6,
1343 1308 1423 1344 13..
1460 1307 1506 1334 ut
1533 1308 1666 1334 contra
1719 1321 1720 1326 ,

136 1347 354 1396 fimpliciter
379 1348 433 1392 in)
455 1352 535 1394 ἀςγ.
557 1348 714 1393 pecunia
734 1349 838 1384 vend.
861 1347 911 1385 ἐπ’
931 1357 1088 1395 argento
1110 1349 1246 1383 νηπία
1275 1347 1419 1384 servato
1448 1347 1562 1384 etiam
1581 1346 1664 1396 syn.
1718 1362 1719 1369 ¹

137 1400 244 1438 nudo
264 1398 330 1434 abl.
354 1400 484 1445 (quem
508 1400 543 1432 P.
568 1397 814 1445 neglexerat.)
843 1409 863 1432 e
883 1402 961 1443 Stp.
985 1409 1031 1433 in.
1056 1410 1138 1434 curn
1159 1398 1245 1445 Bg..
1279 1397 1383 1433 cuius
1407 1396 1485 1434 Lat.
1513 1397 1553 1433 in
1583 1396 1670 1435 adv.⁴
1717 1409 1720 1436 2

137 1457 232 1494 ἰκτιμ.
255 1449 328 1493 (ap.
350 1449 399 1484 G.
421 1447 492 1482 Th.
513 1445 588 1482 fine
609 1446 830 1482 aufkoritate
854 1448 987 1493 proba)
1017 1446 1128 1482 etiam
1150 1447 1301 1482 aliunde
1325 1446 1484 1483 habetur
1508 1458 1566 1494 ap.
1583 1447 1666 1493 Stp.

138 1500 212 1536 Th.
235 1496 298 1545 qui
326 1509 358 1538 ι,
384 1506 465 1542 354.
486 1497 533 1532 D.
555 1509 603 1531 m.
624 1495 698 1532 fine
720 1496 788 1532 alia
800 1497 862 1532 Vs.
892 1508 988 1542 „pro
1007 1496 1163 1538 addico,
1190 1498 1393 1542 vendoque
1416 1508 1456 1533 et
1475 1509 1492 1531 a
1507 1508 1565 1532 me
1578 1496 1669 1532 alie-

136 1563 189 1587 no
209 1546 364 1584 Herodi.
385 1547 452 1584 1.2.
472 1546 523 1583 ἐπ’
546 1551 579 1583 ἀ.
603 1553 714 1583 nar-‘t
742 1558 763 1581 e
784 1544 872 1581 ssud.
898 1546 940 1581 C.
962 1555 1043 1592 834,
1064 1557 1138 1587 12„
1174 1546 1236 1581 ubi
1262 1545 1426 1581 breviter
1443 1546 1560 1581 modo
1581 1546 1667 1582 No-

135 1599 195 1636 stri
219 1599 322 1634 locus
339 1594 407 1633 fic,
440 1595 495 1636 καὶ
513 1602 572 1637 τὴν
592 1594 688 1639 Ῥωμ.
712 1599 844 1641 ἀρχὴν,
875 1594 990 1641 ὥσπερ
1009 1603 1042 1632 τὶ
1062 1598 1252 1635 ἰδιωτικῶν,
1289 1593 1339 1631 ἐπ’
1360 1599 1395 1633 ἃ·
1415 1611 1471 1637 m,
1503 1606 1666 1642 quorum

134 1658 271 1685 neuter
295 1646 495 1681 notionem
525 1645 801 1692 formulamque
830 1644 990 1680 nostram
1011 1645 1164 1681 aliunde
1186 1643 1327 1683 firmat,
1364 1643 1577 1692 usurpatam
1603 1656 1665 1680 va·-

134 1696 267 1735 riando
289 1707 373 1730 cum
395 1702 582 1740 χρημάτων
601 1698 981 1740 ἀντικαταλλαξάμενον
1000 1701 1060 1736 τὴν
1078 1699 1159 1741 ἇςχ.
1181 1707 1214 1734 2,
1237 1701 1270 1735 (v,
1292 1705 1350 1727 20.
1371 1706 1426 1735 e.‚
1466 1693 1530 1729 hic
1548 1694 1663 1730 etiam

134 1760 201 1795 per
221 1744 332 1793 pretii
353 1744 424 1781 dat.
447 1756 531 1781 cum
552 1756 676 1791 praep.
690 1768 700 1784 ‚
726 1743 820 1780 etad
840 1743 984 1780 sensum
1005 1755 1088 1780 cum
1109 1757 1144 1785 2,
1166 1750 1200 1787 6,
1219 1755 1276 1779 22.
1290 1755 1335 1777 m.
1357 1751 1418 1785 τῆν
1435 1742 1542 1785 οὕτως
1555 1748 1664 1788 &erge-

131 1805 202 1839 πῶς
225 1800 279 1833 ἐπὶ
299 1795 458 1840 χρήμασι
481 1797 718 1840 -πςαθεῖσαν
735 1797 843 1839 c'eex„
871 1793 949 1837 (ubi
972 1803 1011 1829 et
1022 1805 1087 1841 per
1107 1793 1352 1829 variationem
1367 1792 1466 1829 aliud
1481 1793 1560 1841 syn.
1580 1794 1663 1830 tum

132 1847 213 1883 adv.
238 1856 304 1892 pro
333 1849 452 1890 αἶσχς,
470 1869 481 1885 ,
517 1853 599 1880 tum
629 1843 756 1885 subst.‚
795 1855 863 1890 pro
884 1847 989 1888 icy-y„
1024 1854 1167 1879 mutato
1190 1844 1281 1878 item
1301 1845 1489 1889 numero,)
1514 1851 1554 1879 et
1574 1853 1661 1879 cum

132 1909 168 1937 2,
190 1905 225 1938 3,
247 1903 279 1935 8.
298 1907 346 1930 m.
375 1894 404 1931 οἳ
426 1900 484 1936 τὴν
504 1897 588 1938 bex-
615 1895 708 1936 αὐτῷ’
726 1898 911 1938 χρημάτων
939 1896 1125 1935 ἀπέδοντο,
1162 1892 1425 1940 praebentibus
1452 1892 1527 1927 alio
1555 1891 1678 1929 sensu·
1709 1902 1716 1925 ἢ

133 1945 199 1982 ast.
226 1956 266 1980 et
297 1941 379 1990 paff.
418 1943 521 1980 lndd.
548 1944 610 1979 Sb.
638 1944 761 1979 Thuc.
785 1944 867 1979 Ael.
892 1942 935 1976 V.
958 1942 993 1977 h.
1023 1952 1062 1978 et
1081 1944 1197 1989 Soph.
1217 1942 1300 1982 Ai.‚
1342 1942 1384 1976 it.
1402 1940 1498 1978 Suic.
1523 1941 1662 1979 Loesn.

134 1995 224 2034 Obs.
245 2003 284 2029 et
305 1994 344 2029 L.
371 1994 419 2029 N.
444 1993 490 2028 T.
521 2004 606 2028 cum
637 1993 687 2029 N.
707 1993 849 2033 Schw.‚
883 1990 946 2028 sed
974 1991 1072 2029 med.
1105 1990 1208 2029 sensu
1235 1991 1362 2027 vicino
1391 1991 1453 2026 Rs.
1475 1992 1541 2029 Or.
1563 1993 1606 2027 V.
1625 2001 1661 2032 8.
1708 2017 1713 2026 .

131 2043 225 2082 Din.
247 2041 323 2079 fine
346 2043 430 2084 Vs.,
466 2040 545 2089 (qui
568 2042 619 2078 est
639 2042 746 2078 locus
768 2043 848 2088 Stp.
866 2041 938 2077 Th.
964 2044 1050 2086 μηδὲ
1079 2043 1362 2086 καταλλάξασθαι,
1389 2047 1451 2083 τὴν
1471 2047 1555 2087 πρὸς
1580 2046 1662 2078 τούέ
1706 2055 1711 2066 ··

131 2110 211 2137 τους
232 2099 335 2138 χάριν
359 2101 424 2129 τῶν
441 2089 568 2135 νόμων»
595 2090 782 2127 liberrime
803 2104 823 2126 e
844 2092 930 2128 Bud.
950 2093 991 2126 C.
1015 2091 1149 2138 partim
1171 2091 1385 2131 conversus,
1416 2089 1662 2137 profavorem
1705 2101 1711 2110 ·

131 2157 222 2191 erga
243 2142 329 2177 istos
348 2154 424 2177 cum
445 2140 588 2190 legibus
610 2150 847 2180 commutare,
876 2139 899 2175 i.
925 2151 1056 2176 contra
1076 2141 1179 2189 leges
1197 2140 1343 2180 fovere,
1371 2139 1416 2176 iis
1433 2138 1662 2176 faverecon-

130 2205 186 2230 tra
207 2193 341 2240 leges,)
358 2190 420 2228 sed
439 2192 551 2228 Dern.
571 2202 657 2226 cum
682 2191 745 2226 Vs.
773 2200 920 2227 tantum
943 2191 1099 2226 Vernae.
1121 2196 1162 2226 τὸ
1183 2195 1322 2235 χρυσίον
1345 2204 1419 2225 κατ.
1440 2196 1588 2236 φανερῶς
1607 2194 1662 2228 ἐπὶ

127 2247 203 2284 ταῖς
221 2243 433 2287 τραπέζαις,
462 2241 524 2277 ubi
547 2239 597 2276 est
621 2238 792 2287 physice..
828 2249 870 2275 ut
893 2252 945 2286 pr.
964 2239 1051 2274 loco
1070 2239 1238 2285 tropice,
1275 2251 1388 2286 quem
1412 2249 1485 2274 utr.
1511 2237 1669 2282 sensum

127 2289 319 2340 copularit
336 2290 468 2326 Noster
481 2293 502 2330 ,‘
527 2288 702 2335 peculiari
725 2287 870 2324 ratione
892 2288 1076 2329 scribens,
1110 2292 1199 2325 dum
1217 2288 1336 2323 sermo
1356 2287 1408 2324 est
1433 2288 1482 2325 de
1499 2287 1657 2336 pecunia

126 2341 305 2391 quidem,
341 2349 384 2375 ut
402 2352 442 2376 re
464 2337 632 2385 physica,
658 2337 721 2374 sed
739 2349 778 2374 et
799 2338 845 2374 de
864 2338 952 2380 alia,
988 2337 1134 2384 imperii
1158 2339 1316 2375 honore.

170 2387 205 2428 ἓν
221 2386 326 2429 οὕτως
347 2390 426 2434 eia.)
451 2391 491 2424 ln
517 2387 612 2423 Cod.
634 2399 826 2434 perperam
847 2385 952 2429 οὕτως
973 2386 1218 2427 desideratur,
1257 2386 1317 2422 sed
1343 2397 1431 2423 mox
1457 2385 1593 2424 cestius
1613 2390 1658 2430 ὃς

124 2442 258 2486 buniade.
272 2459 283 2476 ‚
316 2437 356 2474 in
376 2450 451 2485 quo
472 2439 584 2475 etiam
604 2435 781 2483 scripturn
800 2435 850 2471 est
867 2439 950 2474 ἔδω,
971 2437 1074 2485 quod
1097 2437 1220 2473 minus
1241 2438 1374 2483 placet.
1397 2436 1534 2471 Stroth.
1638 2439 1671 2459 '²
1690 2434 1691 2438 ’

220 2489 346 2525 Primo
375 2487 595 2533 particulam
625 2483 718 2525 azir..
751 2497 769 2519 a
791 2488 854 2534 Bg.
883 2486 1042 2526 versam,
1072 2496 1117 2522 ut
1137 2485 1249 2527 alibi,
1285 2485 1456 2527 liberius,
1487 2483 1550 2520 sed
1576 2497 1595 2521 a
1614 2485 1659 2522 1³.-

122 2539 303 2587 propius.
331 2549 437 2577 curn,
465 2535 657 2585 quomodo
679 2534 881 2576 exciderit,
909 2548 987 2571 non
1010 2546 1184 2583 appareat
1197 2535 1322 2575 causa,
1353 2533 1655 2571 forraffealibra·

120 2588 179 2624 rio
200 2585 365 2623 omissam
383 2585 502 2628 dicas.
529 2585 673 2622 sensum
694 2584 756 2620 hic
776 2583 857 2620 eius
876 2596 955 2620 non
977 2587 1152 2632 capiente
1166 2608 1176 2624 ‚
1204 2588 1289 2620 cum
1310 2596 1433 2620 tamen
1453 2581 1497 2620 fit
1518 2587 1654 2626 bonus.

115 2637 320 2674 referendo
351 2633 421 2673 οὖτ.
452 2635 497 2672 ad
529 2648 585 2682 pr.
606 2633 657 2671 ἐπ’
686 2639 831 2681 ἆςγυςη
866 2644 905 2668 et
937 2645 1067 2670 mente
1093 2633 1279 2680 explendo
1308 2645 1449 2680 partem
1486 2634 1653 2675 alteram,

115 2699 218 2735 quae
239 2686 278 2722 in
298 2685 362 2721 tali
385 2685 565 2733 particula
589 2683 827 2730 comparandi
851 2685 957 2729 iaepe
978 2682 1227 2730 opprimitur,
1258 2681 1305 2718 cf.
1333 2693 1363 2722 ι,
1391 2695 1546 2727 r,5.m.,
1571 2694 1606 2718 v.
1617 2692 1649 2717 c.
1685 2707 1688 2714 .

114 2740 159 2780 ὥς
176 2733 381 2779 inertiam-r»
416 2732 457 2771 in
479 2735 543 2773 rel.
563 2732 710 2771 sensum
730 2732 886 2771 liberius
908 2735 1022 2770 dante
1046 2734 1111 2774 P...
1151 2731 1215 2781 qui
1247 2732 1425 2770 deseritur
1451 2743 1470 2768 a
1493 2731 1578 2769 Sch.
1607 2730 1654 2768 ΞΕ

725 2797 746 2823 ,ι
