1722 3086
147 57 175 102 9
190 57 209 89 1
225 58 251 88 2
307 45 482 92 LIBER
493 40 572 92 iv.
595 41 723 93 CAP.
734 46 860 93 vm.
881 50 938 96 A.
949 45 1009 96 v,
1030 48 1085 97 c,
1101 43 1226 107 968.
1248 18 1513 100 emma
1529 55 1615 111 ις.

143 160 418 227 γειτνιῶσαν,
444 159 582 216 effide
603 157 910 232 Ἀλέξανὸςος
947 170 1166 221 vicinam:
1193 182 1238 219 et
1265 174 1481 221 continuo
1494 174 1684 224 Alexan·

143 238 203 298 ἦν.
260 238 338 288 καὶ
368 237 444 295 τήν
475 259 525 288 τε
564 236 731 305 μνήμην
770 239 910 290 αὐτοῦ
953 260 998 295 2.
1024 246 1102 294 der
1124 260 1228 295 erat.
1258 254 1408 314 Atque
1420 255 1684 300 memoriam

143 316 365 371 παντοίως
388 313 662 366 ἀνενεώσατο
685 316 720 378 d,
744 315 913 374 εἰκόνας
949 325 1044 370 eius
1069 325 1280 372 omnibus
1316 329 1461 374 modis
1492 344 1683 376 renoua-

139 394 190 444 τὲ
215 394 293 443 καὶ
323 388 598 462 οἱνδξιοίντοις
620 396 660 443 ἐν
691 391 874 449 πείσαις
895 407 912 430 ⁶
948 402 1035 459 vit,
1072 403 1287 463 imagines
1325 420 1411 467 que
1442 403 1600 452 statuas
1633 407 1684 453 in

143 469 333 521 πόλεσιν
381 471 607 527 α’ναςῆναι
642 470 852 521 ἐκέλευσε
887 471 912 507 f·
952 477 1162 525 omnibus
1195 479 1382 527 urbibus
1405 484 1517 546 poni
1543 479 1682 540 iussit3

142 546 221 604 τήν
257 567 306 596 τε
339 545 501 614 Ῥώμην
546 545 803 617 ἐπλῆξωσεν
842 549 913 599 οἱν-
956 568 1002 608 3.
1037 557 1228 602 Romam
1263 574 1350 620 que
1378 559 1569 623 replevit
1601 557 1684 604 ssa-

141 620 353 696 ἓςιοὶντων
374 626 452 674 καὶ·
472 622 651 685 εἰκόνων,
682 626 720 674 ἐν
741 627 804 691 τῷ
822 633 912 675 Κα-
949 633 1035 678 tuis
1062 643 1104 679 et
1127 634 1409 693 imaginibus,
1430 636 1474 681 in
1503 636 1682 700 Capito·

140 702 352 771 πετωλῖῳ
392 702 471 753 καὶ
504 703 542 751 ἐν
574 697 736 758 ἄλλοις
770 704 912 772 ἱεςοῖς,
949 708 1026 771 lio,
1049 709 1142 756 aliis
1167 727 1255 774 que
1277 711 1471 777 templis,
1495 722 1682 778 propter

233 846 268 885 d)
294 844 407 878 Colon
435 843 500 877 Ms.
520 844 577 876 Ba.
648 846 680 883 e)
706 845 775 878 Ms.
792 843 848 877 Ba.
868 845 943 878 πὲσι
969 842 1144 881 mendose.
1224 845 1261 885 f)
1286 847 1362 879 Hoc
1389 845 1494 878 colon
1522 844 1556 877 in
1574 845 1628 881 Bs.
1648 853 1682 884 ι,

138 891 185 926 al.
203 901 266 934 pto
286 891 410 933 puncto
433 890 505 933 Stp.
523 889 586 923 rel.
608 899 642 923 v.
661 888 708 923 N.

187 1002 307 1051 εῦθῦς)
334 1005 458 1052 Spart.
477 1002 517 1040 in
535 1004 660 1041 Carae.
682 1017 715 1042 c.
739 1017 773 1042 2.
792 1004 847 1053 (p.
871 1014 953 1049 703.
977 1003 1019 1052 i.)
1043 1002 1299 1043 Alexandrum
1323 1005 1378 1043 M.
1400 1005 1480 1043 eius
1500 1017 1568 1055 que
1586 1002 1682 1056 gesta

133 1056 276 1108 semper
297 1053 334 1091 in
361 1066 422 1089 ore
443 1055 589 1099 habuit,
616 1055 686 1103 (it.
713 1068 750 1103 p.
772 1068 825 1104 pr.
846 1069 879 1092 e.
908 1057 1003 1105 quod
1027 1055 1063 1093 se
1082 1058 1297 1094 Alexandro
1318 1058 1371 1093 M.
1403 1058 1594 1093 Macedoni
1622 1067 1683 1092 ae-

138 1105 336 1156 quandum
354 1106 506 1154 putabat
524 1107 617 1151 etc.)
666 1107 799 1155 Longe
819 1117 944 1143 autem
963 1107 1170 1144 accuratius
1187 1106 1250 1143 ista
1269 1107 1421 1156 plenius
1438 1119 1512 1153 que
1531 1104 1683 1153 exequi-

136 1169 205 1196 tur
226 1155 327 1197 Dio,
354 1154 459 1191 cuius
481 1153 650 1192 narratio
673 1155 783 1203 plane
804 1168 891 1192 cum
912 1156 1048 1193 Nostro
1069 1158 1263 1193 convenit.
1311 1157 1480 1194 Andreas
1503 1157 1685 1192 Schottus

135 1209 166 1249 l.
183 1217 214 1255 3.
236 1204 325 1243 Obs.
347 1217 376 1240 c.
393 1216 448 1250 19.
472 1204 630 1254 collegit
644 1206 801 1242 nomina
822 1218 968 1248 eorum,
997 1206 1061 1254 qui
1083 1206 1119 1243 se
1138 1208 1282 1255 Magno
1306 1208 1520 1243 Alexandro
1543 1205 1680 1246 ssmiles

140 1257 331 1294 dixerunt.
359 1255 472 1291 Boecl.
520 1255 624 1292 Haec
645 1266 684 1291 et
705 1266 799 1303 quae
822 1255 1032 1303 sequuntur
1051 1255 1167 1293 fufius
1188 1256 1426 1306 persequitur
1441 1258 1518 1292 Dio
1540 1254 1680 1292 Caffius

141 1319 183 1344 et
204 1306 439 1354 epitomator
457 1304 538 1341 eius
551 1304 664 1353 Xiph.
683 1305 724 1342 in
745 1306 865 1341 Carae.
887 1318 922 1353 p.
938 1318 985 1342 m.
1004 1316 1086 1353 354.
1109 1306 1185 1352 (ed.
1207 1309 1267 1343 Sb.
1293 1316 1377 1351 428,
1399 1318 1456 1352 30.
1479 1310 1536 1342 ed.
1560 1305 1682 1340 Reim-

143 1369 254 1403 ¹29²,
277 1359 355 1401 90.)
373 1355 512 1390 Stroth.
543 1354 568 1391 i.
593 1367 625 1393 e.
647 1355 750 1397 εὐθὺς
771 1354 992 1401 Ἀλέξανδρον
1010 1360 1186 1401 ἐμιμεῖτσ,
1211 1366 1256 1391 ut
1281 1368 1366 1391 mox
1397 1355 1473 1402 ipse
1496 1352 1683 1391 Herodia-

140 1419 216 1445 nus
236 1405 272 1443 se
291 1404 452 1453 explicat
472 1402 505 1451 ᾗ.
530 1416 607 1446 ιο.,
634 1404 838 1442 Alexandri
860 1404 986 1441 similis
1006 1416 1107 1447 erat,
1130 1404 1223 1442 alter
1245 1405 1454 1442 Alexander
1475 1404 1591 1441 videri
1613 1415 1682 1439 vo-

137 1457 254 1495 lebat.
300 1456 360 1493 Sic
379 1456 535 1498 Petron.
574 1455 614 1491 Si
633 1455 807 1491 Lucretia
825 1467 884 1491 es:
914 1455 1169 1502 Tarquinium
1191 1452 1371 1504 invenisti.
1415 1454 1576 1491 Videtur
1597 1466 1681 1489 mo·

141 1508 214 1544 dus
235 1504 419 1553 loquendi
442 1517 464 1541 e
483 1503 591 1541 scena
613 1503 818 1542 traductus.
874 1505 972 1541 Nam
1000 1504 1041 1541 in
1062 1504 1198 1541 fabulis
1221 1504 1312 1541 alius
1334 1503 1383 1540 est
1403 1507 1681 1552 Agamemnon,

139 1556 236 1595 alius
257 1554 359 1591 Paris
380 1564 452 1592 etc.
503 1553 566 1591 Sic
589 1556 659 1592 Cn.
679 1553 881 1601 Pompeius
901 1555 954 1590 M.
975 1554 1313 1591 Alexandrum·fibi
1345 1554 1569 1590 imitandum
1594 1565 1681 1601 pro-

141 1604 271 1655 posuit
287 1618 344 1653 ap.
361 1604 446 1642 Sall.
467 1614 496 1653 3.
519 1603 615 1641 Hist.
638 1603 714 1650 (ed.
736 1604 844 1641 Cort.
864 1616 899 1652 p.
922 1612 1005 1651 978.
1029 1606 1095 1649 m.)
1127 1616 1161 1640 v.
1180 1604 1271 1641 Plin.
1297 1616 1333 1649 7,
1355 1607 1412 1640 26.
1444 1614 1483 1639 et
1512 1604 1605 1640 Plut.
1637 1602 1679 1639 in

139 1655 348 1703 Pompeio,
376 1668 413 1690 v.
434 1654 472 1691 P.
495 1654 632 1692 Vistor.
658 1655 705 1690 V.
728 1654 767 1691 L.
792 1665 825 1699 ς,
845 1668 878 1690 2.
944 1655 1110 1695 Quinam
1132 1666 1260 1690 amore
1284 1665 1323 1691 et
1353 1653 1570 1690 imitatione
1593 1652 1682 1689 Ale·

140 1706 272 1744 xandri
294 1704 521 1742 Macedonis
543 1703 785 1746 insanierint,
808 1701 924 1742 tradit
944 1704 1115 1741 Barthius
1144 1703 1190 1740 ad
1208 1706 1302 1740 Stat.
1323 1703 1412 1740 Silv.
1434 1717 1469 1748 4,
1487 1707 1520 1739 6.
1541 1715 1577 1750 p.
1595 1711 1682 1749 403.

140 1757 193 1805 sq.
214 1768 253 1793 et
273 1754 514 1792 Schott.1.1.
586 1754 690 1791 Hinc
719 1754 869 1791 Paullus
899 1765 1054 1802 quoque
1082 1755 1194 1791 lCtus
1225 1754 1306 1791 Tit.
1334 1763 1365 1799 3.
1395 1753 1442 1789 de
1471 1750 1683 1794 adulteriis,

138 1809 315 1855 Magnus,
340 1803 415 1848 ait,
440 1805 648 1842 Antoninus
665 1804 827 1854 pepercit
847 1802 916 1846 iis,
942 1804 1007 1853 qui
1028 1803 1218 1842 adulteros
1237 1803 1453 1841 inconsulto
1473 1804 1596 1841 calore
1613 1801 1682 1841 du·

138 1857 188 1896 sti
206 1854 514 1898 interfecerunt,
541 1854 590 1892 cf.
611 1854 821 1892 Herodian.
849 1866 881 1899 5,
902 1866 936 1900 7,
962 1866 994 1899 5.
1030 1855 1147 1891 Leisn.

236 1917 299 1953 Cf.
327 1918 439 1964 Excp.
457 1927 514 1964 ap.
533 1915 638 1953 Suid.
664 1927 696 1958 ι,
715 1924 797 1963 233.
819 1928 868 1951 m.
890 1919 1004 1958 ἐπειδὴ
1024 1918 1060 1953 δὲ
1083 1923 1137 1954 καὶ
1159 1920 1192 1958 ἐς
1212 1920 1272 1958 τὴν
1291 1919 1497 1955 Μακεδονίαν
1517 1920 1680 1962 ἄφίκετο.
1717 1951 1722 1958 ⁴

140 1971 360 2014 Ἀλέξανδρον
388 1965 512 2004 ἑαυτὸν
531 1966 700 2011 ὠνόμασεν
718 1978 752 2004 Λ.
805 1963 879 2002 Sed
898 1965 1023 2001 Leisn.
1050 1978 1238 2013 praeterea
1259 1966 1302 2001 ad
1329 1979 1374 2001 m.
1396 1968 1468 2005 Ox.
1492 1966 1584 2015 »effe
1605 1979 1676 2014 pro

127 2021 284 2069 fimilem
305 2016 378 2067 effi.
400 2017 513 2053 Mart.
566 2017 615 2052 Et
635 2029 712 2053 cum
733 2025 789 2052 tot
810 2015 971 2052 Croesos
992 2016 1146 2057 viceris,
1176 2015 1247 2052 ess'e
1259 2017 1435 2058 Numam,
1459 2019 1516 2063 (et
1540 2015 1584 2051 ad
1605 2017 1680 2053 cal-

139 2082 224 2107 cem
247 2068 322 2105 Bel.
345 2067 397 2114 2.)
416 2065 495 2104 Cic.
519 2065 613 2102 Phil.
638 2070 673 2107 6,
691 2079 725 2111 4.
777 2066 852 2102 Hic
882 2065 984 2103 inter
1012 2065 1092 2101 illos
1110 2063 1312 2102 Africanus
1328 2066 1388 2116 est.
1443 2071 1680 2102 Antonoma-

138 2120 217 2158 sia“
238 2117 285 2154 ad
309 2129 422 2166 quem
445 2125 612 2156 tacetur,
641 2128 684 2152 ut
705 2116 744 2151 in
765 2118 815 2154 G.
837 2115 909 2152 Th.
932 2126 971 2153 et
993 2116 1073 2161 Stp.
1096 2127 1181 2152 cum
1208 2115 1316 2152 Indd.
1341 2117 1396 2152 Gr
1419 2138 1430 2157 ‚
1463 2125 1507 2152 ut
1530 2115 1676 2163 aliquid
1721 2145 1722 2154 l

137 2183 160 2208 e
178 2168 258 2206 Lat.
280 2167 342 2204 hic
362 2166 497 2208 fuerit,
524 2176 563 2203 et
581 2178 649 2210 pro
670 2165 770 2203 velle
788 2164 881 2207 effe,
910 2166 1008 2202 velle
1035 2163 1197 2207 imitari,
1225 2165 1267 2200 it.
1287 2176 1355 2214 pro
1377 2176 1508 2214 agere3
1535 2165 1678 2213 reperi-

135 2229 229 2258 ente
248 2231 308 2254 me
330 2226 476 2253 tantum
498 2230 554 2265 ap.
577 2214 696 2252 Dion.
717 2217 767 2252 H.
789 2218 824 2251 S.
843 2216 890 2251 Τ.
908 2228 936 2252 1.
960 2227 1045 2259 227,
1063 2215 1130 2251 ult.
1156 2215 1203 2251 de
1223 2215 1337 2251 servis
1362 2213 1493 2253 τούτων
1514 2215 1675 2254 ὠνοῦνται

136 2277 203 2308 τῶν
220 2273 405 2315 χρημάτων
427 2271 488 2308 τὴν
505 2268 721 2312 ἐλευθερίαν,
748 2273 802 2304 καὶ
825 2264 924 2307 εὐθύς
953 2271 1016 2303 εἰσι
1037 2264 1211 2310 Ῥωμαῖοι,
1227 2263 1359 2313 statim
1389 2277 1463 2314 que
1478 2265 1520 2314 se
1539 2266 1676 2302 Roma·

135 2331 210 2357 nos
231 2317 409 2364 faciunt,
437 2327 475 2352 et
495 2330 552 2363 ap.
576 2316 697 2353 Thuc.
715 2324 800 2362 498,
824 2324 880 2361 31.
910 2317 1102 2361 λογίζεσθε
1134 2318 1193 2355 δὲ,
1229 2313 1281 2352 ὅτι
1310 2318 1410 2352 αὐτοί
1434 2331 1473 2352 τε
1495 2314 1595 2358 πόλις
1619 2318 1674 2353 εὖ·

135 2373 202 2412 Βῦς
220 2372 296 2410 ece,
323 2365 400 2405 ἕπσι
421 2360 462 2403 ἂν
481 2367 706 2412 καθέζοισξὶε,
724 2377 757 2403 Λ.
783 2377 847 2401 vos
867 2365 979 2412 ipsos,
1005 2366 1198 2413 ubicunque
1217 2365 1485 2405 consederit-is,
1513 2364 1566 2400 ibi
1583 2377 1672 2412 pro-

134 2418 241 2459 tinus
272 2417 373 2454 vobis
399 2415 480 2466 ipst‘s
504 2414 574 2452 effe
600 2415 802 2452 civitatem.
863 2417 1063 2452 Caeterum
1089 2427 1149 2462 ap.
1180 2417 1266 2464 Beg.
1298 2427 1333 2458 2,
1361 2419 1444 2460 699.
1475 2415 1517 2451 in
1545 2414 1676 2454 numis

136 2465 358 2511 „Antonini
377 2491 388 2509 ,
418 2475 459 2502 ut
485 2464 584 2502 dei<‘
615 2466 777 2501 refertur
797 2464 872 2501 huc
895 2465 1049 2512 primus.

187 2532 242 2562 καὶ
261 2519 322 2565 τήν
343 2524 407 2565 τε)
440 2522 603 2558 Videtur
621 2521 775 2560 Noster,
805 2520 997 2567 praemisso
1021 2527 1099 2563 καὶ,
1133 2521 1240 2567 quod
1263 2520 1381 2559 nefiit
1406 2519 1504 2558 hanc
1533 2522 1566 2572 §.
1586 2535 1672 2563 cum
1707 2513 1712 2518 .

136 2586 216 2623 pr„
242 2573 385 2609 referre
403 2577 444 2609 τὲ
469 2571 515 2608 ad
541 2571 590 2618 sq.
610 2571 642 2620 §.
666 2576 726 2611 τέ,
754 2572 856 2618 unde
884 2569 965 2618 post
992 2575 1079 2608 ἐκελ.
1108 2580 1259 2607 tantum
1287 2571 1448 2608 fecimus
1468 2572 1674 2611 distinetio-

135 2636 227 2660 nem
255 2622 466 2663 minorem,
491 2620 611 2657 libere
632 2619 799 2656 versante
823 2620 861 2655 P.
878 2643 889 2661 ,
915 2631 954 2656 et
973 2621 1136 2666 primum
1165 2626 1205 2658 τὲ
1225 2622 1465 2668 opprimente
1489 2624 1576 2671 Rg„
1601 2620 1669 2671 qui

137 2686 160 2709 e
185 2674 224 2709 P.
246 2671 288 2709 in
309 2672 389 2708 adv.
411 2688 540 2711 παν-ν..
565 2682 608 2706 ut
628 2672 708 2717 Stp.
728 2669 829 2713 Th„
854 2668 915 2706 sed
939 2669 1026 2705 hinc
1047 2671 1185 2710 modo,
1210 2670 1313 2717 quod
1334 2670 1455 2718 reperi
1479 2684 1670 2720 praeterea

137 2734 197 2772 ap.
221 2722 321 2761 Plut.
342 2723 415 2759 Hs.
465 2722 555 2759 Mox
577 2719 701 2758 Leisn.
723 2717 765 2756 in
792 2732 840 2756 m.
860 2719 937 2757 Ms.
966 2720 1030 2768 Bg.
1056 2718 1235 2761 „omittit
1254 2721 1481 2759 renovavitct
1507 2722 1628 2761 statim
1649 2734 1673 2760 a
