1717 3082
153 102 418 153 LIBERIV.
449 100 576 150 CAP.
593 101 669 149 IX.
702 101 890 150 A.V.C.
911 101 1032 160 969.
1064 97 1420 149 CHR.N.216·.
1494 106 1601 159 949

75 212 261 280 ςιχηδόν
282 224 301 243 ²
337 213 440 273 τοὸς
461 218 628 272 νεανίας
648 215 834 273 πάντας
873 223 1028 269 ordine
1058 224 1239 269 iuvenes
1269 236 1425 269 omnes
1461 213 1597 266 distri-

73 289 304 353 διας-ἧνται,
340 293 396 348 ὠς
423 290 480 343 οἲν
503 291 521 317 '¹
554 289 763 343 ἐπελθών
794 292 830 342 ἕ-
867 298 998 346 butos
1024 297 1276 346 consistere:
1312 308 1362 344 ur
1394 312 1469 342 eos
1495 312 1592 360 per-

168 392 199 427 c)
222 388 358 427 ςιιχηῖὃν
377 388 449 420 ,Με.
470 388 523 419 ssa.
543 398 575 418 v.
595 386 642 418 N.
712 387 747 426 d)
774 389 840 421 Ms.
857 388 911 418 na.
929 391 965 421 ὥς
987 389 1045 426 ἂν,
1067 389 1114 420 ἐκ.
1133 388 1236 420 ἕκατον
1259 388 1316 419 Ἰδιι
1333 394 1365 420 λ.
1388 383 1444 417 sed
1462 392 1593 416 comma

74 433 150 481 post
174 437 226 467 ln.
245 434 279 466 in
295 437 341 467 A.
359 432 425 471 a1.,
448 442 482 465 at
505 432 576 475 post
598 435 642 465 ἐκ.
663 433 699 464 in
720 433 793 476 Stp.
812 433 875 465 rel.
899 443 933 467 v.
960 431 1008 464 N.

72 540 201 571 mere,
227 538 272 565 ut
301 525 484 564 referatur
505 525 550 562 ad
570 532 753 573 φάλαγγα.
779 527 872 574 Sylb.
924 528 1000 563 Aue
1021 531 1210 573 φάλαγγας
1229 525 1266 561 in
1297 522 1430 571 plurali
1460 523 1508 559 est
1540 521 1593 559 le-

101 577 263 620 endum,
291 588 355 614 aut
384 574 549 622 ἐπώνυμον
569 577 608 613 in
638 576 821 624 singulari.
845 575 961 612 Reisk.
997 577 1020 614 i.
1041 591 1074 612 e.
1096 575 1368 612 Alexandrinos
1388 586 1420 609 v.
1443 582 1524 609 not.
1546 572 1589 607 ad

73 591 242 683 {cl-ogas.
292 626 559 663 Constantinus
582 638 637 673 ap.
659 626 786 662 Euseb.
807 625 884 662 Vit.
908 626 1030 662 Const.
1056 639 1089 670 4,
1113 629 1169 672 36.
1197 624 1242 661 de
1263 620 1590 669 Constantinopoli

72 676 241 716 scribens
265 676 336 717 ait:
366 681 459 721 κατὰ
481 683 539 719 τὴν
565 673 730 720 ἐπώνυμον
750 679 826 721 ἡμῖν
845 673 953 713 πόλιν.
977 676 1109 711 Stroth.

178 726 260 769 Qui
281 726 322 762 in
344 726 392 763 N.
413 726 505 762 Chr.
537 725 693 766 „forsan
722 725 854 760 melius
885 721 1073 769 ἐπώνυμον.
1099 722 1160 760 sed
1189 722 1329 770 saepius
1351 719 1594 757 Herodianus

75 788 144 827 per
163 775 352 825 synthefin
379 775 510 822 plurali
540 774 658 812 utitur
681 787 747 822 pro
768 773 945 822 lingulari.
1018 773 1150 810 Sensus
1172 773 1240 808 est:
1264 773 1298 809 se
1324 771 1420 806 velle
1444 782 1485 805 ex
1507 767 1595 804 Ale-

75 824 270 863 xandrinis
289 825 469 874 phalanga
492 824 728 865 constituere,
753 822 854 860 sicuti
876 824 947 860 iam
969 824 1119 859 haberet
1132 819 1413 858 Macedonicam
1434 830 1471 854 et
1488 819 1592 864 Spar-

74 887 214 915 tanam.
264 869 426 920 ἐπώνυμοι
446 876 507 912 τοῦ
527 870 631 920 ἥρωος
651 873 751 910 enim
771 873 797 909 s.
815 876 860 909 ab
872 875 1080 910 Alexandro
1098 872 1313 908 denominati
1332 870 1415 905 sunt
1434 868 1591 903 Alexan·

75 925 220 962 drini.“
268 926 312 961 In
331 924 447 971 Excp.
467 936 525 972 ap.
546 923 648 960 Suid.
677 935 708 966 1,
730 933 805 970 233.
827 936 859 958 e.
888 920 1022 968 φήσας,
1051 927 1095 965 εἰς
1123 928 1182 964 τὴν
1207 921 1279 957 'Aah
1307 935 1375 963 τιμ.
1397 923 1589 963 φάλαγγας

73 972 318 1017 συςιῖσασθαι,
346 974 587 1021 dicens‚fibi
618 974 657 1010 in
678 973 794 1009 am‘mo
815 972 884 1008 esse
914 974 951 1008 in
972 973 1061 1008 hon.
1083 972 1188 1008 Alex.
1222 969 1416 1017 phalanges
1443 965 1592 1014 conscri-

73 1027 178 1066 bere,
204 1024 270 1060 ubi
292 1023 387 1060 adeo
408 1034 602 1071 comparet
628 1022 722 1070 plur.
745 1022 808 1059 ille
825 1033 932 1069 epam,
958 1021 1019 1058 sed
1039 1032 1157 1068 aeque
1183 1032 1245 1068 per
1264 1019 1471 1054 libertatem
1493 1013 1592 1050 illius

74 1072 360 1121 compilatoris,
394 1085 436 1109 ac
464 1073 505 1109 in
527 1072 723 1109 contradis
752 1073 816 1108 rel.
896 1074 1032 1115 Contra
1066 1073 1128 1118 Bg.
1161 1068 1277 1106 refert
1299 1067 1384 1114 sing.
1408 1066 1518 1104 etiam
1550 1063 1592 1098 in

75 1128 198 1167 lxmae„
215 1127 354 1171 (quem
377 1133 416 1159 et
437 1123 569 1159 maluit
591 1121 699 1159 Beck.
726 1121 765 1157 in
792 1122 950 1169 Specim.
970 1121 1050 1156 hist.
1070 1119 1160 1156 bibl.
1180 1120 1283 1155 Alex.
1306 1129 1340 1163 p.
1366 1124 1420 1155 18.
1447 1115 1494 1150 Ν.
1522 1113 1591 1156 14.)

74 1173 170 1210 dum
190 1174 229 1210 P.
247 1172 345 1209 nihil
367 1172 484 1209 edicit
505 1185 569 1218 per
592 1172 784 1219 obliquam
813 1170 1023 1208 orationem
1052 1181 1091 1205 et
1120 1167 1335 1208 confusam,
1364 1177 1428 1212 pro
1458 1163 1593 1210 quibus

73 1223 162 1277 Sch:
191 1226 411 1268 »ἐπωνύμους
437 1221 681 1268 Ἀλεξάνδρου,
715 1231 938 1270 cognomento
964 1216 1164 1256 Alexandri
1191 1226 1336 1252 vocatas
1366 1214 1592 1262 phalanges“

73 1271 174 1309 nihil
196 1285 255 1308 me
281 1270 359 1308 fine
379 1272 484 1308 libris
508 1281 703 1311 tentante,
728 1282 788 1311 et,
816 1270 904 1306 dum
926 1269 1016 1306 novi
1038 1266 1159 1304 Codd.
1183 1267 1381 1304 accedant,
1408 1269 1590 1298 contento

75 1321 141 1359 illa
152 1322 295 1359 Stroth.
310 1320 484 1370 synthefi,
510 1320 572 1358 sed
594 1321 633 1356 in
646 1319 750 1357 aliam
772 1331 928 1366 partem,
951 1330 994 1354 ut
1015 1320 1109 1364 plur.
1124 1321 1219 1354 ἐπων.
1239 1315 1417 1351 referatur
1437 1310 1480 1348 ad
1502 1308 1590 1356 sing.

73 1381 185 1419 Qum,
207 1381 387 1419 tanquam
410 1371 669 1410 cosseffivum,
698 1382 911 1419 quanquam
934 1381 996 1416 per
1023 1367 1059 1402 se
1086 1364 1274 1406 confusio,
1301 1374 1343 1400 ut
1366 1360 1473 1401 alibi,
1498 1357 1590 1398 inci-

75 1421 166 1458 diffe
190 1422 311 1469 potest
330 1422 372 1458 in
394 1437 418 1458 α
439 1432 479 1456 et
497 1436 552 1462 ας,
580 1419 629 1456 cf.
655 1430 688 1467 3,
714 1432 768 1461 12,
793 1432 871 1459 22„
896 1419 936 1455 it.
959 1418 997 1453 in
1017 1433 1073 1459 ους
1091 1427 1129 1451 et
1147 1432 1200 1454 ον,
1229 1415 1278 1450 cf.
1309 1426 1339 1452 ι,
1364 1415 1420 1452 16,
1441 1422 1473 1453 7.
1492 1422 1524 1444 e.
1550 1406 1590 1443 in

72 1470 202 1510 Nostri
221 1471 428 1507 restionem
446 1475 543 1509 ἔπιον.
566 1482 649 1506 cum
673 1481 758 1517 gen.
773 1495 782 1510 ‚
806 1467 870 1504 ubi
892 1470 969 1514 Stp.
990 1468 1064 1502 Th.
1084 1464 1172 1501 hinc
1191 1463 1267 1500 sine
1288 1463 1348 1497 Vs.
1373 1474 1407 1501 2,
1434 1458 1589 1511 1330.F5

74 1521 102 1559 ἰ.
122 1533 145 1557 e
161 1520 259 1569 vulg.
279 1520 393 1568 plur.‚
420 1518 483 1556 ubi
502 1522 568 1568 Bg.
587 1518 634 1555 de
652 1518 718 1554 suo
741 1518 782 1554 in
801 1518 906 1554 artic.
925 1518 989 1554 τοῦ
1006 1522 1057 1562 25?-
1079 1527 1146 1561 pro
1169 1515 1288 1550 libero
1311 1522 1415 1558 pron·
1438 1509 1473 1545 P·
1487 1532 1498 1549 2
1523 1518 1587 1553 qul

76 1582 116 1608 et
128 1569 282 1606 liberior
300 1570 340 1606 in
353 1569 502 1616 expleto
515 1581 547 1606 v,
566 1566 657 1613 εἶχεν
677 1567 721 1603 ad
735 1567 1040 1604 enunciationem
1055 1576 1219 1600 mancam
1234 1563 1272 1598 in
1286 1566 1378 1602 ὡςπ..
1390 1557 1452 1595 ubi
1471 1567 1587 1602 aeque

73 1620 177 1663 aliud
206 1617 515 1667 supplemendum
543 1619 683 1659 valeat,
716 1616 965 1664 repetendum
991 1627 1011 1650 e
1039 1627 1091 1661 pr.
1113 1612 1181 1650 inf.
1200 1627 1295 1653 cust,
1319 1623 1352 1644 v·
1375 1622 1406 1645 c·
1434 1607 1488 1642 uti
1515 1606 1589 1641 iam

72 1667 319 1718 constituerim
345 1679 558 1716 quanquam
573 1670 634 1714 ng.
650 1666 782 1703 melius
802 1665 897 1701 nihil
919 1663 1035 1705 dedit,
1061 1663 1174 1699 etiam
1193 1664 1302 1698 eLat.
1322 1657 1396 1699 usu,
1416 1657 1453 1692 in
1473 1655 1588 1690 inrer-

74 1717 192 1768 pofita
213 1717 453 1765 comparandi
478 1716 657 1764 particula
678 1728 764 1752 cum
786 1713 947 1752 sublesta
968 1713 1081 1750 altera
1111 1713 1220 1754 οὕτω,
1245 1710 1309 1758 qui
1331 1707 1423 1742 ordo
1452 1703 1588 1740 inusta-

72 1781 154 1807 rum
181 1767 328 1804 istarum
350 1766 610 1815 particularum
630 1765 670 1802 in
695 1777 768 1802 una
790 1763 1059 1800 enunciatione
1076 1762 1126 1797 est
1147 1763 1213 1797 Gr.
1241 1769 1412 1809 quoque,
1438 1753 1485 1790 cf·
1512 1753 1588 1801 syn·

73 1822 118 1865 ᾗς
140 1838 177 1847 -
198 1814 303 1861 οὕτως
320 1828 380 1863 ap.
399 1815 481 1854 Ael.
503 1816 550 1851 V.
569 1816 605 1851 h.
629 1829 663 1861 4,
689 1827 742 1859 17.
762 1827 794 1851 e.
815 1815 913 1850 Xen.
938 1813 994 1849 M.
1015 1814 1050 1850 S.
1071 1824 1155 1856 4‚2,
1177 1821 1231 1857 30.

121 1870 283 1912 ςιχηδὸν)
324 1868 412 1907 Hoc
444 1866 526 1902 adv.
551 1867 630 1913 Stp.
649 1865 723 1900 Th.
747 1863 865 1900 modo
893 1862 982 1898 hinc
1010 1860 1174 1908 profert,
1211 1861 1279 1895 hac
1303 1854 1478 1902 scriptura
1506 1861 1587 1887 non

72 1918 215 1957 iterum
238 1916 330 1953 mihi
357 1926 545 1962 repertum
565 1939 577 1956 ‚
616 1912 684 1950 nifi
708 1914 796 1950 hinc
823 1924 975 1960 quoque
1001 1923 1056 1958 ap.
1085 1909 1211 1951 Suid.,
1254 1906 1302 1943 cf.
1328 1902 1361 1950 ᾗ.
1395 1916 1447 1939 12.
1483 1915 1513 1937 e·
1541 1900 1585 1936 ad

73 1970 200 2013 αὐτὸς,
237 1978 276 2003 et
301 1978 358 2014 ap.
379 1964 495 2012 Hesy.
526 1977 560 2007 2,
585 1976 689 2008 1272.
711 1963 736 2000 i.
764 1967 852 2001 κατὰ
880 1967 976 2006 ςίχον
1005 1968 1128 2003 cami,
1159 1957 1223 1995 ubi
1253 1967 1337 1992 mox
1364 1959 1498 1997 517601192
1516 1954 1587 2005 .τᾶ-

72 2022 161 2105 ἰεις,
188 2016 327 2060 πλήθη,
351 2026 392 2052 et
412 2014 461 2051 ib.
483 2027 519 2061 p.
541 2028 573 2050 e.
595 2014 707 2050 altera
726 2014 799 2049 Ms.
819 2024 904 2049 cum
924 2015 1015 2047 κατὰ
1037 2013 1152 2055 τάξιν,
1183 2013 1270 2045 κατὰ
1291 2007 1444 2048 §orygem-
1473 2010 1585 2036 etiam

91 2081 153 2106 me
181 2066 422 2107 austeritate,
455 2077 477 2101 e
495 2069 630 2112 qu0}et
655 2063 735 2111 Stp.
763 2061 839 2098 Th.
866 2070 898 2107 3,
928 2068 1010 2104 988.
1038 2061 1081 2095 C.
1111 2058 1227 2093 solum
1256 2064 1362 2090 tenet
1387 2061 1425 2086 et
1445 2063 1465 2085 e
1492 2049 1585 2084 Gre-

75 2129 178 2167 gor.,
204 2116 267 2154 sed
280 2115 365 2165 vig.
383 2127 419 2163 p.
441 2118 521 2160 361.
541 2113 566 2149 i.
588 2112 708 2149 rursus
729 2111 806 2148 fine
826 2110 986 2150 sudore,
1007 2120 1120 2155 quem
1141 2101 1434 2143 habuiDion.H.
1454 2099 1488 2133 S.
1506 2097 1584 2133 lnd.

71 2168 121 2205 T.
145 2179 175 2205 1.
189 2192 200 2209 ,
228 2176 395 2214 quocum
410 2161 594 2201 Glossator
613 2162 686 2199 Ms.
701 2160 946 2209 compararit,
975 2158 1082 2205 quia,
1109 2154 1171 2192 etfi
1192 2150 1359 2190 confufio
1380 2149 1585 2185 litterarum

73 2214 232 2265 cogitari
256 2214 398 2264 potest,
431 2223 556 2249 tamen
580 2212 678 2259 vulg.
708 2222 789 2248 tum
816 2209 953 2247 tolerat
978 2209 1020 2244 L.
1043 2208 1150 2246 Em„
1195 2215 1273 2240 turn
1301 2197 1423 2236 sensus
1449 2195 1583 2232 eodem

71 2266 192 2308 redit.
219 2277 327 2305 cum,
352 2274 497 2311 praeter
515 2260 593 2298 illas
618 2260 733 2310 Hesy.
754 2257 1008 2307 expositiones
1032 2254 1229 2298 utriusque
1251 2250 1331 2287 adv.
1351 2247 1518 2286 easdem,
1545 2255 1584 2281 et

70 2317 116 2355 Ι..
136 2316 223 2351 Ern.
251 2313 383 2351 reddat
411 2323 484 2348 utr.
509 2311 644 2347 eodem
667 2311 745 2347 Lat.
773 2309 855 2358 syn.
883 2307 952 2343 abl.
974 2308 1062 2354 Eg„
1097 2315 1136 2340 et
1163 2302 1324 2339 themata
1355 2296 1458 2354 subst.
1485 2299 1583 2341 τίχος

70 2376 114 2404 et
132 2368 248 2409 ςοῒχος
271 2362 350 2400 fere
368 2360 620 2402 conveniant,
645 2370 857 2409 quanquam
884 2356 929 2392 de
951 2355 1061 2403 postr.
1083 2351 1272 2388 interdum
1291 2348 1499 2384 dubitatum
1519 2342 1583 2384 est,

68 2413 119 2454 ef.
142 2416 187 2451 ad
208 2413 303 2450 Poll.
325 2423 362 2455 7,
389 2424 468 2454 142-
492 2410 540 2447 N.
562 2413 641 2453 56„
671 2408 734 2445 ubi
753 2419 879 2444 tamen
897 2418 934 2450 7,
959 2417 1036 2450 ¹47·
1056 2401 1130 2438 fine
1151 2401 1233 2435 Var.
1262 2399 1301 2434 L
1328 2396 1484 2432 habetur
1510 2409 1583 2449 591-

70 2469 166 2511 χᾶς,
191 2461 285 2500 ficut
311 2461 407 2498 ree‘ta
429 2460 516 2497 sunt
543 2463 660 2503 τεῖχος
687 2469 725 2494 et
755 2461 885 2501 τοῖχος.
936 2455 1134 2489 Caeterum
1162 2452 1246 2497 Eg„
1275 2459 1314 2482 in
1338 2445 1399 2481 rel.
1422 2443 1585 2499 severior

72 2513 116 2555 jn
137 2511 294 2553 ordine,
319 2523 430 2559 quam
445 2512 506 2552 P..
533 2520 657 2545 tamen
680 2519 765 2543 curn
784 2507 850 2542 illo
869 2504 910 2540 in
928 2507 965 2546 δὴ
989 2514 1054 2550 per
1074 2499 1152 2549 syn.
1167 2510 1205 2534 et
1225 2497 1263 2532 in
1283 2508 1316 2529 v.
1332 2499 1414 2532 διας.
1435 2503 1584 2540 partim,

73 2560 204 2600 addito
221 2560 364 2609 quippe
385 2558 577 2608 particip.,
606 2570 671 2604 pro
691 2568 766 2603 quo
788 2552 913 2592 malim
932 2550 1111 2600 consistere
1131 2548 1156 2583 s.
1175 2546 1263 2600 stare
1281 2542 1433 2593 seorsum
1453 2552 1493 2578 et
1518 2542 1581 2578 in-

71 2611 230 2650 tervallo
251 2610 414 2658 quodam
435 2608 585 2647 relisto‚
613 2609 704 2654 (quo
721 2605 820 2641 forte
848 2601 1008 2650 respexit
1031 2599 1092 2637 P„
1117 2595 1142 2632 fi
1162 2593 1285 2631 omisit
1315 2605 1368 2640 pr.
1389 2591 1468 2627 adv.
1493 2590 1583 2637 ςιχ.)

76 2671 122 2698 ut
139 2657 182 2697 fit
201 2658 420 2696 in'militum
446 2656 537 2696 serie
559 2669 624 2702 per
645 2655 770 2695 lustra,
797 2663 836 2689 et
857 2649 1010 2699 cogitari
1034 2647 1147 2684 debet
1169 2655 1320 2694 quoque
1337 2643 1386 2679 ob
1413 2641 1513 2689 sqq.‚
1541 2649 1585 2676 ut

71 2708 292 2748 transeundi
315 2706 526 2756 permeandi
552 2717 624 2753 que
645 2702 832 2740 Caracallo
854 2700 960 2747 copia
979 2696 1033 2733 sit.

122 2762 168 2804 ἃς
191 2754 248 2808 ἂν)
273 2757 350 2797 Μς.
377 2768 436 2795 res
462 2754 577 2804 prima
603 2763 769 2803 pertinet
795 2749 840 2788 ad
862 2746 1157 2790 diffinitionem,
1180 2753 1328 2783 comma
1353 2739 1434 2792 post
1459 2734 1522 2787 ἂν,
1546 2749 1592 2777 ut
