1722 3086
141 116 242 168 308
283 112 455 158 LIBER
476 112 532 156 ΙΙ.
574 112 768 157 ΟΑΡ.Χ.
799 114 853 156 A.
876 113 933 157 V.
958 114 1008 160 C.
1038 113 1159 184 946.
1193 116 1330 163 CHR.
1357 119 1423 164 N.
1450 114 1578 176 193}

139 221 299 294 υμσᾶον
326 220 374 274 δὲ
388 227 737 291 parmomo-offla,
761 227 896 276 εἰκαί
922 230 1095 290 recidit,
1153 230 1225 300 ezss
1265 233 1463 284 nonnulla
1501 233 1559 285 ab
1588 236 1662 285 illo
1712 270 1714 273 -

142 324 270 369 „riva
296 302 370 352 ὑπ’
408 303 564 351 ἐκείνου
588 297 669 352 δια)
705 301 889 360 νεότητα,
916 317 1106 373 propter
1152 306 1468 373 adolescentiam
1508 330 1667 379 perpe·
1714 307 1716 314 ’

141 383 504 445 υἐφ·τ)υγμ(ιι.ελεῒτο
526 384 557 440 ⁸,
597 380 709 428 ἀλλ’
742 377 810 428 οὖν
842 381 895 448 τῇ
930 400 1024 432 ram
1043 382 1330 449 gerebantur,
1373 394 1557 438 attamen
1584 405 1663 437 no-

228 511 267 556 x)
291 511 358 544 MS.
377 505 434 542 Ba·
463 509 667 549 ὗπημελεῖτο,
700 519 737 541 v.
758 507 806 542 N.

138 637 178 665 et
197 622 292 661 illud
314 623 351 658 Ρ.
370 621 529 664 dicitur,
563 633 777 676 quanquam
799 635 869 659 nec
886 622 982 666 hoc,
1022 636 1093 661 nec
1111 626 1171 672 ΒΕ)
1194 636 1279 661 cum
1312 623 1420 662 subst.
1443 625 1523 662 Lat.
1553 625 1663 676 impe·

138 677 234 712 rium
254 674 300 710 G·
319 673 392 729 Tb·
412 673 544 713 habet,
574 675 622 707 ct·
643 685 676 715 22
694 684 729 717 7»
752 683 783 718 5·
804 686 849 709 m.
871 682 992 718 σεμνῆς
1008 681 1207 719 βασιλείας,
1239 687 1402 724 quocum
1421 675 1483 712 hic
1502 674 1663 713 variatur

138 739 204 775 per
224 724 301 772 syn.
323 723 394 758 adi.
415 731 455 758 et
476 721 582 760 subst.

189 780 233 816 εἷς
252 773 380 818 Κομμ.)
403 772 558 815 Putem,
586 771 667 819 post
686 771 786 813 Pol„
813 771 863 808 ita
886 772 984 809 reste
1007 775 1067 821 ng.
1088 772 1189 809 hunc
1210 772 1331 809 locum
1351 772 1517 815 vertiffe;
1543 786 1663 821 quan·

137 837 250 873 quam
278 821 326 858 fic
351 820 477 859 auctor
497 820 731 863 α’νακολούὲως
753 820 922 858 videatur
940 822 1122 862 scribere.
1157 835 1270 869 quum
1303 835 1382 859 non
1409 823 1452 859 fit
1472 823 1660 870 praedica·

137 887 242 916 tum,
270 873 373 920 quod
392 870 500 918 poffit
521 883 604 907 cum
626 871 788 907 subieao
806 888 932 916 μετ-απ,
955 872 1132 919 copulari.
1163 873 1263 920 Sylb.
1293 873 1347 920 (in
1370 872 1464 917 lnd.)
1483 878 1523 908 τὸ
1543 876 1661 910 ἔπεσι.

136 923 252 961 vertit
270 922 459 970 tegebatur
481 920 504 956 s.
524 921 778 957 occultabatur.
805 921 949 957 Scheid.
973 922 1030 967 (in
1052 934 1087 958 v,
1107 926 1177 965 ε’ττ.)
1198 924 1292 958 hanc
1313 921 1418 958 affert
1441 921 1686 969 interpreta-'

136 975 304 1014 tionem,
337 983 483 1019 regnum
505 970 633 1012 Rom..
661 974 714 1006 ad
731 970 983 1007 Commodum
1003 970 1196 1019 delapsum,
1224 972 1306 1007 eius
1325 971 1530 1012 nobilitate,
1557 970 1663 1008 velut

137 1024 266 1063 umbra
285 1021 429 1068 aliqua,
454 1022 722 1068 protegebatur.
776 1019 847 1056 Etli
873 1019 973 1056 forte
992 1033 1067 1056 non
1090 1021 1139 1057 est
1159 1020 1344 1057 adversum
1369 1019 1464 1056 mori
1479 1019 1660 1067 loquendi

139 1075 389 1110 Graecorum,
417 1076 455 1106 τὸ
474 1073 580 1107 {mcx-
604 1082 744 1117 ponere
764 1083 829 1117 pro
844 1082 1053 1119 protegere,
1079 1070 1392 1118 quemadmodum
1413 1082 1454 1105 ea
1468 1069 1664 1116 metapho-

139 1137 177 1162 ra
195 1135 214 1158 a
231 1122 311 1158 Lat.
331 1120 554 1167 Ebraeisque
573 1131 734 1155 amatur:
762 1131 887 1156 tamen
910 1120 969 1155 hic
992 1119 1200 1157 Herodiani
1222 1118 1289 1156 effe
1306 1120 1400 1155 hanc
1413 1129 1577 1155 mentem
1591 1129 1662 1165 pu-

139 1185 217 1211 tem
231 1198 240 1213 ,
275 1180 320 1206 ut
339 1169 461 1208 dicat,
488 1169 584 1203 vitia
603 1169 802 1205 Commodi
826 1170 1012 1205 nobilitate
1032 1180 1070 1205 et
1089 1171 1254 1206 memoria
1275 1169 1386 1216 patris
1396 1169 1470 1205 ee'us
1487 1167 1660 1204 obscura-

139 1235 176 1260 ta
188 1221 309 1269 suff.
364 1218 646 1267 Dem.Olynth.
660 1231 691 1254 2.
713 1231 747 1266 p.
763 1231 802 1262 7·
816 1229 842 1263 3.
859 1219 962 1265 (usk.
987 1232 1017 1260 1,
1033 1231 1085 1265 23.
1108 1221 1131 1256 l.
1149 1224 1227 1261 27.)
1242 1219 1281 1254 in
1292 1230 1448 1267 genere,
1479 1223 1518 1254 αἱ
1535 1220 1663 1262 saxeas

138 1277 230 1319 ξίαη,
259 1268 385 1315 inquit
399 1292 409 1308 ‚
437 1267 534 1308 δειναὶ
554 1273 748 1313 συγκρύψοα
769 1267 822 1310 κα.)
843 1274 1022 1309 συσκιάσαι
1044 1275 1089 1305 τὲ
1111 1269 1282 1314 (τοιαῦτα)
1305 1267 1430 1310 ὀνείδη,
1464 1278 1523 1313 res
1538 1267 1664 1313 sectm-

138 1324 205 1359 dae
225 1320 386 1367 aliquam
408 1318 480 1351 vim
502 1316 640 1352 habent
662 1319 712 1351 αιί
727 1318 949 1353 occultanda
970 1328 1005 1353 et
1022 1319 1275 1354 obumbranda
1301 1318 1446 1364 probra.
1499 1311 1660 1353 Itan-le·

138 1369 317 1407 rodianus
340 1367 464 1403 dicere
484 1365 671 1413 speciatim
697 1366 833 1412 potuit,
862 1367 1100 1403 nobilitatem
1121 1366 1264 1415 generis
1278 1365 1660 1413 memoriamqueAn-

138 1419 265 1458 tonini
287 1414 462 1455 effeciss‘e,
503 1427 544 1452 ut
565 1417 696 1462 probra
717 1415 916 1452 Commodi
940 1416 1063 1452 minus
1085 1417 1381 1454 observarentur,
1409 1425 1595 1454 autcerte,
1615 1424 1662 1449 ue

139 1470 274 1519 probra
296 1466 509 1503 Commodo
530 1464 845 1502 condonarentur.
899 1467 1120 1512 Qanquam
1139 1477 1267 1501 verum
1287 1476 1325 1501 et
1344 1463 1436 1501 illud
1455 1462 1517 1505 est,
1541 1461 1659 1498 animi

137 1518 228 1556 vitia
247 1517 316 1553 esse
338 1526 444 1551 tanto
468 1513 743 1562 conspectior„
765 1526 909 1562 quanto
932 1515 1088 1551 maiores
1109 1513 1190 1551 sunt
1209 1512 1248 1556 ii,
1274 1511 1341 1562 qui
1361 1523 1525 1561 peccant.
1541 1513 1662 1549 Leism

240 1565 347 1603 Ratio
365 1566 450 1600 Sch.
472 1564 531 1600 illa
553 1576 633 1600 non
657 1563 851 1612 procedit,
877 1564 963 1611 quia
986 1576 1076 1600 tunc
1093 1565 1298 1600 membrum
1320 1567 1347 1600 εἰ
1365 1560 1468 1604 κοιῗ-
1484 1565 1558 1599 lna.
1578 1572 1660 1597 non

138 1618 272 1657 habet,
308 1628 383 1662 quo
416 1615 620 1654 reseratur,
656 1626 739 1649 cum
771 1625 895 1649 tamen
924 1615 1150 1650 cohaereant
1168 1618 1202 1653 Δεἰ
1231 1612 1284 1653 καὶ
1305 1623 1390 1647 cum
1408 1611 1461 1659 sq.
1493 1609 1570 1648 ἀλλ’
1591 1606 1659 1652 οὖν,

137 1667 242 1704 unde
270 1664 344 1701 sola
374 1663 639 1710 relinquuntur
666 1662 726 1698 ista
749 1668 794 1704 εἷς
815 1672 850 1698 K.
872 1667 907 1699 δὲ
924 1678 1021 1706 (asa,
1056 1674 1150 1710 quae
1171 1673 1249 1698 non
1274 1663 1468 1708 pertinent
1496 1660 1540 1696 ad
1563 1659 1628 1708 sqq
1644 1681 1658 1700 ‚

137 1716 200 1754 sed
222 1715 266 1751 ad
289 1714 406 1762 priora
428 1712 493 1750 iic,
523 1723 564 1747 ut
583 1728 656 1755 μετ.
677 1711 856 1760 ίῐτροτίυς
877 1712 1141 1758 praedicatum,
1168 1723 1206 1748 et
1225 1711 1424 1747 lubiectum
1436 1713 1522 1753 αὐτῇ
1535 1721 1657 1756 pron..

135 1762 383 1814 repetendum
408 1762 497 1798 illud
519 1776 538 1797 e
562 1774 614 1807 pr.
634 1760 766 1807 ἀρχὴν,
804 1762 918 1807 idque
939 1774 1002 1808 per
1022 1760 1273 1797 anacoluthon
1296 1759 1381 1797 sane
1400 1771 1440 1797 et
1455 1757 1658 1796 nominati-

135 1828 223 1852 vum
243 1813 449 1849 absolutum
470 1809 656 1858 participii
677 1811 789 1847 solius
807 1809 880 1846 line
900 1823 1005 1857 pron.
1028 1809 1248 1851 demonstr.;
1272 1809 1387 1850 unde,
1414 1821 1498 1846 cum
1515 1819 1658 1855 ponan-

137 1878 199 1903 tur
222 1863 281 1900 ista
301 1874 367 1908 pro
392 1874 476 1909 gen.
496 1860 642 1906 conseq.
656 1886 666 1903 ‚
689 1872 749 1907 atq
759 1873 803 1896 ue
819 1861 913 1896 adeo
933 1872 1000 1907 pro
1019 1867 1065 1902 εἰς
1084 1868 1122 1896 K.
1145 1862 1180 1897 δὲ
1198 1863 1456 1906 μετκπεσοῦσης
1473 1861 1590 1900 αὐτῆς,
1610 1857 1657 1894 li·

138 1925 200 1951 cet
219 1912 385 1949 similiter
406 1909 588 1947 resolvere
608 1922 673 1956 per
694 1909 908 1956 particulam
930 1910 1093 1957 aliquam
1113 1922 1197 1946 cum
1219 1911 1256 1945 Ρ.
1275 1920 1312 1944 et
1333 1911 1395 1956 ssg.
1416 1919 1454 1945 et
1471 1905 1551 1954 ipso
1567 1906 1654 1945 sch.

138 1965 179 2002 in
211 1979 272 2007 ,,μ.
298 1960 495 2006 imperium
510 1959 729 2008 prsteaquam
750 1959 884 1995 recidit
902 1961 978 1993 aa'ss
1006 1960 1071 2007 qui
1092 1970 1132 1996 et
1152 1959 1213 1994 hic
1231 1958 1364 1995 rectius
1378 1969 1444 2005 per
1454 1955 1558 1993 subst.
1571 1956 1652 1992 Lat.

135 2012 267 2050 innuit
287 2010 535 2056 lupplendum
558 2021 665 2055 pron.
715 2008 816 2044 Hinc
833 2007 951 2044 confit
972 2009 1172 2055 periodus,
1207 2008 1313 2044 cuius
1336 2006 1486 2055 protafis
1510 2006 1655 2043 constet

138 2063 214 2099 illis
234 2057 476 2097 nominativis
491 2083 501 2099 ,
545 2069 582 2093 er
601 2056 769 2104 apodolis
791 2057 947 2104 reliquis
969 2057 1057 2094 inde
1076 2060 1120 2094 ab
1140 2062 1167 2094 εἰ
1186 2057 1264 2101 aa),
1300 2057 1339 2093 in
1358 2056 1464 2093 cuius
1489 2065 1652 2093 extrema

136 2123 240 2161 parte
259 2109 302 2145 ad
325 2122 358 2144 ν.
378 2113 433 2145 ἐπ.
455 2105 682 2144 extrinsecus
699 2105 950 2142 affumendurn
971 2119 1077 2155 pron.
1096 2109 1185 2144 αὐτὰ
1207 2121 1226 2142 e
1247 2119 1298 2152 pr.
1317 2111 1392 2144 τινὰ
1405 2130 1416 2147 ,
1455 2117 1520 2152 per
1538 2116 1651 2151 quam

134 2161 321 2199 rationem
342 2155 488 2195 omnia,
518 2155 653 2196 credo,
689 2157 797 2204 plana
816 2157 920 2197 sunm
953 2155 1018 2192 nisi
1040 2156 1143 2203 quod
1164 2157 1337 2194 dubitare
1359 2154 1490 2204 poffis,
1522 2164 1652 2191 utrum

136 2212 209 2248 abl.
227 2212 270 2256 τῇ
290 2212 360 2251 εὒγ.
384 2205 489 2242 simul
509 2217 592 2241 cum
610 2207 654 2252 τῇ
674 2222 726 2249 μν.
745 2203 931 2253 pertineat
949 2207 992 2242 ad
1010 2218 1093 2254 gen.
1111 2208 1175 2243 τοῦ
1196 2222 1255 2248 ππ,
1278 2218 1325 2241 an
1348 2217 1413 2253 per
1434 2205 1471 2242 se
1487 2204 1654 2251 capiatur

135 2272 176 2296 et
206 2259 252 2295 de
281 2257 359 2293 solo
389 2257 622 2294 Commodo,
664 2254 922 2291 subintellecto
954 2267 1061 2302 pron.
1081 2267 1121 2292 et
1148 2254 1310 2303 repetito
1328 2260 1449 2293 ἐκείνου
1478 2265 1499 2291 e
1522 2265 1573 2301 pr.
1591 2259 1653 2290 τᾶν

135 2318 243 2353 Κομμ.
265 2319 348 2342 cum
376 2309 433 2352 ὃς.
447 2328 458 2346 ,
485 2304 562 2341 fere
580 2316 600 2339 e
617 2304 677 2344 P„
705 2315 800 2351 quae
817 2304 910 2340 ratio
933 2315 972 2340 et
995 2305 1060 2352 ipfi
1079 2306 1231 2352 probata
1248 2306 1326 2352 Stp.
1346 2304 1421 2340 Th.
1442 2313 1477 2350 3,
1498 2311 1578 2347 871.
1595 2303 1646 2338 D.

135 2359 174 2395 in
197 2372 230 2394 v.
251 2363 324 2397 im,
361 2357 422 2391 ubi
453 2353 588 2402 partim
609 2366 630 2389 e
649 2354 685 2389 P.
717 2352 836 2393 „vitia
851 2354 1052 2390 Commodi
1072 2366 1154 2391 cum
1176 2353 1288 2401 ipsius
1308 2351 1489 2402 principis
1507 2350 1650 2388 nobili·

134 2419 211 2444 tate
227 2434 235 2448 ,
265 2418 346 2442 tum
367 2404 525 2452 parentis
547 2402 724 2439 memoria
738 2426 749 2443 ,
777 2401 1065 2439 obscurabantur
1088 2416 1126 2440 et
1146 2404 1436 2453 obtegebantur,
1468 2401 1496 2439 s.
1516 2403 1650 2439 obum-

135 2458 356 2495 brabantur,
395 2464 438 2488 ut
467 2453 579 2489 Ovid.
603 2453 710 2495 (Her.
732 2464 790 2498 ep.
816 2463 872 2493 17·
892 2459 950 2497 48.
976 2451 1018 2487 it.
1042 2466 1063 2489 e
1084 2454 1192 2490 Pont.
1214 2463 1246 2499 3.
1267 2464 1300 2500 3,
1317 2454 1392 2498 75.)
1412 2463 1518 2489 error
1533 2452 1649 2488 obum-

133 2509 220 2542 brat
239 2505 321 2542 fatti
345 2504 508 2538 ermen«
538 2502 663 2548 estque
685 2501 816 2537 melior
839 2501 896 2536 his
916 2502 963 2537 de
987 2501 1122 2545 caufis,
1156 2504 1331 2551 quoniam
1355 2513 1433 2538 non
1453 2502 1568 2538 modo
1590 2501 1648 2537 so-

133 2557 250 2592 lenne
273 2553 322 2590 est
343 2553 478 2590 Nostro
501 2564 609 2598 pron.
630 2549 863 2598 opprimere,
890 2550 949 2586 sed
970 2551 1103 2594 etiam,
1131 2551 1178 2588 de
1189 2552 1315 2589 Leisn.
1334 2552 1491 2593 ratione,
1518 2549 1647 2598 potine
1681 2574 1690 2580 ·
1721 2549 1722 2555 ’

132 2604 266 2642 Noster
286 2602 391 2639 fuiffe
408 2599 608 2648 scripturus
629 2601 775 2636 videtur
796 2599 931 2636 ordine
948 2600 1048 2637 recto
1061 2603 1136 2637 hoc
1155 2603 1198 2646 τῇ
1217 2604 1278 2638 τοῦ
1294 2607 1425 2647 πατρὸς
1444 2603 1646 2648 εὖγενείᾳτὲ

134 2653 190 2696 xm*
206 2649 341 2698 μνίμῃ,
370 2649 576 2698 praeposito
595 2661 679 2698 gen.
701 2647 788 2687 isto.
823 2661 1035 2696 quanquam
1058 2649 1144 2687 alias
1156 2651 1238 2686 talis
1258 2649 1494 2698 transpofitio
1506 2650 1647 2697 reperi·
1687 2687 1689 2694 A
1719 2670 1722 2684 ι

132 2714 217 2742 tur,
251 2702 312 2737 hic
329 2700 484 2743 Quidem
505 2699 694 2746 ambigua,
722 2697 883 2745 denique
902 2698 1009 2746 quia,
1043 2700 1134 2736 utin
1147 2699 1644 2747 imperatoribusRom.uni-

128 2754 232 2788 verse
250 2750 478 2798 liu-&abatur
496 2748 767 2795 colebaturque
787 2746 847 2784 illa
871 2751 1021 2793 εὐγένεια
1045 2759 1086 2785 et
1104 2749 1253 2797 generis
1270 2748 1475 2790 nobilitas,
1502 2748 1548 2785 cf.
1560 2748 1648 2787 ind:
1679 2758 1688 2797 j
