1722 3086
140 115 274 166 9403
329 100 503 148 LmER
519 99 595 149 tv.
632 99 759 148 cap,
784 98 861 148 IX.
883 102 933 147 Α.
954 102 1007 148 V.
1032 101 1078 149 c.
1102 95 1214 164 969.
1252 103 1643 157 etmarias
1708 130 1722 172 5

140 219 215 272 τὸν
242 219 398 269 ἐκείνου
426 217 566 284 φόνον,
609 218 673 269 ὅτι
707 217 802 289 ἄξαι
832 221 910 269 εἶεν
951 225 1156 282 caedem,
1192 244 1269 276 eos
1294 230 1509 277 nimirum
1542 229 1686 279 multa

143 292 311 348 πολλοὶ
338 301 398 351 εἰς
427 297 559 345 αὐτὰ-υ
595 295 912 363 οὶπσσκώψσιιὶ-
951 304 999 351 in
1055 305 1200 370 ipsum
1249 303 1376 354 fuisse
1432 300 1684 356 cavillatus:

144 395 232 431 τες.
275 371 523 440 πεφύκασι
558 369 611 424 δέ
633 395 730 430 πως
756 373 776 399 ⁴⁵
810 376 916 424 εἶναι
958 393 1007 438 4.
1053 393 1213 430 natura
1268 377 1420 432 autem
1467 385 1685 449 quodam·
1710 372 1722 394 ⁷

158 492 164 496 .
234 505 274 551 h)
298 507 330 538 ὃὶ
352 507 410 542 πῦς
439 512 513 542 Par.
534 516 610 539 cum
634 511 713 552 Pata
737 516 773 540 V.
791 507 840 542 N.

141 622 225 660 σθαι
244 623 296 658 ἐπὶ
320 624 490 667 ἰατρείου,
515 618 618 656 unde
637 619 700 656 hic
720 620 835 658 modo
857 619 1034 660 scribatur
1055 622 1101 660 ad
1122 622 1268 673 analog.
1320 624 1442 668 Quod
1461 633 1586 662 autem
1608 624 1685 662 Ms-

141 671 253 709 tollit
274 680 420 706 comma
443 670 523 719 post
555 666 630 714 ἔτι,
651 682 699 707 ut
724 672 763 709 id
790 673 874 709 adv.
897 672 1087 720 pertineat
1118 673 1162 710 ad
1192 674 1245 723 sq.
1271 677 1486 713 membrum
1516 675 1685 718 demum,

141 721 207 758 ubi
228 732 267 756 et
287 721 324 757 Ρ.
348 721 479 762 habet,
510 720 615 768 saepe
637 720 703 758 ille
724 733 809 758 cum
832 723 898 758 isto
919 724 990 759 Ms.
1012 723 1250 771 conspirans:
1283 726 1406 772 primo
1426 726 1550 774 arguit
1577 736 1684 761 vete-

141 783 223 808 rem
252 770 292 807 in
316 770 438 808 Codd.
468 771 752 808 distinctionum
778 772 1001 816 absentiam,
1044 774 1182 810 deinde
1213 776 1328 812 habet
1359 774 1597 824 postpofitam
1624 773 1684 818 xcii

144 821 334 869 copulam,
356 821 414 857 vel
437 834 506 868 pro
523 822 644 858 ctiam.
699 824 741 859 In
763 826 825 871 ssg.
846 825 919 859 Ms.
942 824 1045 860 nulla
1066 824 1141 861 fuit
1161 824 1362 868 distinstio,
1391 825 1453 863 sed
1472 834 1601 862 tamen
1622 837 1685 861 or-

141 871 192 908 do
213 873 333 919 vulg„
361 869 427 919 qui
444 869 489 906 fit
508 874 566 908 vel
587 874 633 909 de
653 869 832 909 industria
853 874 1026 922 ambigue
1045 873 1161 912 faetus
1181 888 1198 911 a
1219 875 1428 924 scriptote‚'
1451 875 1492 912 in
1513 873 1684 913 medium

143 921 318 959 coniecto
339 923 444 964 adv„
473 922 568 958 intra
591 935 666 970 que
690 922 779 960 duas
807 924 1117 968 enunciationes,
1141 938 1190 962 ne
1214 926 1270 963 bis
1298 938 1527 975 poneretur,
1560 923 1620 962 vel
1641 922 1684 960 fi-

140 972 245 1010 milis
265 971 320 1008 illi
349 971 456 1018 supra
480 985 512 1013 2,
539 984 569 1016 1,
594 975 649 1008 16.
674 987 732 1015 e.‚
755 973 820 1011 ubi
844 973 944 1010 idem
968 970 1022 1011 ἔτι
1043 975 1084 1010 in
1107 987 1276 1013 extremo
1300 977 1469 1013 membro
1492 985 1593 1017 erat,
1615 971 1683 1011 sed

141 1024 219 1061 Ms.
241 1021 339 1058 {dcm
360 1025 542 1059 tentabat.
596 1027 668 1071 Ap.
692 1024 816 1061 Nostr.
840 1023 994 1071 quidem
1017 1037 1100 1061 cum
1122 1038 1157 1064 v.
1177 1041 1243 1073 περ
1279 1026 1374 1064 illud
1395 1027 1477 1065 adv.
1499 1024 1683 1074 iungitur,⁴

139 1086 180 1111 v.
205 1085 236 1109 c.
260 1084 292 1121 3.
315 1086 348 1115 2,
367 1084 398 1117 9.
432 1083 466 1120 3,
491 1082 524 1115 3,
544 1086 599 1119 5.‚
626 1072 689 1111 sed
715 1086 754 1111 et
780 1074 900 1114 abest,
928 1075 975 1110 cf.
1003 1088 1034 1116 1,
1058 1087 1074 1120 5
1112 1079 1147 1112 6.
1213 1077 1317 1114 Tum
1342 1076 1444 1114 solus
1473 1073 1682 1113 Memmius

139 1123 432 1165 animadvertit,
458 1135 526 1170 pro
546 1126 610 1161 τεῦ
632 1126 684 1162 ἆδ,
709 1124 846 1161 dediffe
866 1124 902 1161 P.
925 1126 1043 1166 „vivo
1063 1126 1187 1163 adhuc
1202 1135 1343 1176 patress‘
1367 1127 1435 1175 qui
1458 1126 1499 1163 in
1519 1123 1682 1167 nomine

140 1174 238 1223 pers.
257 1173 484 1211 commiserit
503 1186 671 1210 errorem
685 1200 696 1217 ,
718 1187 909 1222 repertum
932 1175 1025 1213 mihi
1047 1176 1161 1213 etiam
1180 1177 1221 1214 in
1238 1179 1304 1214 Vs.
1325 1177 1407 1213 Lat.
1432 1177 1494 1214 ed.
1509 1177 1681 1221 Antwp..

138 1236 214 1261 nec
232 1222 421 1261 sublatum
443 1224 481 1259 in
504 1225 569 1261 Vs.
591 1224 762 1274 castigata
785 1237 843 1272 ap.
864 1228 945 1273 Stp.
962 1251 972 1268 ‚
998 1226 1060 1263 sed
1081 1226 1181 1264 recte
1202 1240 1222 1264 a
1242 1230 1328 1277 Eg,
1353 1226 1418 1275 qui
1439 1237 1568 1265 tamen
1594 1237 1616 1261 e
1637 1224 1680 1261 P.

136 1275 184 1312 in
207 1273 259 1323 sq.
281 1276 455 1311 membro
479 1273 533 1317 um?
560 1280 650 1318 μετὰ
674 1287 707 1311 Λ.
728 1275 850 1312 servat
873 1276 1096 1322 particulam
1117 1277 1142 1313 s.
1165 1277 1244 1313 adv.
1269 1275 1512 1326 comparandi
1544 1273 1681 1320 ὁμοίως»

136 1322 206 1372 (cf.
226 1338 263 1371 4,
283 1339 317 1367 2,
344 1335 397 1367 14.
421 1326 486 1368 m.)
518 1335 582 1370 per
601 1325 678 1372 (yn.
697 1327 778 1362 Lat.
800 1325 931 1368 etiam,
958 1324 1028 1362 nifi
1056 1325 1172 1363 solam
1193 1327 1249 1372 not?
1267 1327 1444 1376 copulam
1470 1325 1612 1365 iterum
1632 1322 1682 1361 fic

136 1374 283 1420 duplici
303 1376 386 1411 Lat.
406 1374 552 1416 reddit,
579 1386 613 1410 v.
634 1388 672 1420 4,
694 1378 729 1418 6,
751 1386 786 1416 7.

147 1452 154 1458 .
183 1424 238 1463 ὅτι
258 1422 341 1473 ἄρα)
369 1427 626 1461 Scommatum
644 1423 938 1463 etdifteriorum
956 1425 1490 1474 valdeimpatiensssaffianun
1515 1423 1555 1462 id
1574 1422 1680 1472 quod

137 1487 294 1525 apparet
314 1487 401 1511 cum
422 1487 464 1511 ex
489 1476 637 1511 auctore
658 1474 783 1512 nostro
804 1479 886 1520 4,6,
911 1487 965 1512 10.
985 1487 1070 1514 tum
1089 1489 1135 1514 ex
1154 1475 1363 1523 Capitolini
1382 1477 1480 1513 Geta
1501 1487 1533 1510 c.
1552 1477 1587 1510 6.
1608 1474 1678 1518 (Τ.

139 1539 176 1564 1.
198 1538 234 1574 p.
255 1535 340 1573 743.
365 1525 415 1569 e.)
444 1525 510 1561 ubi
534 1523 664 1561 Helvii
685 1524 892 1562 Pertinacis
917 1525 1058 1564 dictum
1079 1525 1191 1563 altius
1212 1526 1251 1562 in
1277 1527 1405 1575 penus
1434 1523 1584 1563 Bassiani
1606 1522 1678 1560 de-

135 1576 302 1617 scendit,
329 1586 374 1613 ut
393 1575 517 1622 postea
534 1586 632 1610 nece
643 1574 850 1611 Pertinacis
871 1575 922 1612 est
937 1577 1199 1622 approbatum.
1237 1579 1361 1620 Quam
1381 1572 1587 1624 periculosa
1605 1571 1677 1611 lim:

135 1625 293 1664 dicteria
317 1625 358 1662 in
389 1635 568 1671 potentes
587 1623 801 1661 auctoribus
827 1623 920 1667 suis,
947 1625 1113 1664 ostendit
1141 1626 1294 1664 Gruter.
1325 1625 1371 1662 ad
1399 1626 1491 1662 Tac.
1512 1625 1560 1662 A.
1584 1625 1620 1671 5‘,
1641 1635 1677 1661 2.

135 1677 263 1725 (extr.)
291 1678 428 1713 Mutet.
453 1675 500 1710 V.
519 1676 560 1712 L.
582 1682 616 1715 8,
646 1678 701 1710 16.
729 1674 847 1711 Leisn.
1515 1677 1517 1679 ’

242 1726 362 1763 Etiam
384 1726 425 1762 in
442 1725 510 1761 hac
528 1723 687 1773 regione
706 1723 802 1761 liber
819 1724 861 1763 P.
881 1723 951 1767 est,
978 1723 1138 1763 maxime
1155 1725 1197 1762 in
1217 1725 1349 1765 omifl'o
1374 1720 1468 1773 ἄρα,
1500 1721 1549 1760 cf.
1569 1734 1605 1766 2,
1620 1728 1682 1769 14,

135 1789 174 1825 9.
195 1787 235 1814 et
254 1778 370 1825 Excp.
404 1788 464 1823 ap.
490 1775 596 1812 Suid.
617 1786 650 1815 1,
673 1783 756 1821 233.
777 1786 811 1811 e.
840 1771 928 1820 ἔγνω
953 1780 1050 1821 γὰρ,
1077 1772 1133 1814 ὅτι
1160 1787 1240 1814 πα).-
1272 1781 1305 1819 ἐς
1335 1773 1441 1813 αὖτ’ἔν
1466 1790 1508 1815 τε
1535 1772 1591 1816 καὶ
1615 1779 1680 1818 ’τὴν

133 1834 271 1877 μητέρα
291 1827 522 1871 ἅπέσκωψειν,
552 1826 740 1861 contracta
759 1824 886 1862 Nostri
908 1825 1108 1873 periphrafi
1130 1825 1173 1863 in
1190 1825 1310 1872 fimpl.
1326 1823 1433 1862 verbi
1461 1833 1626 1872 tempus.

185 1887 385 1936 πεφύκασι)
424 1886 561 1928 Plane,
588 1884 682 1922 sicut
702 1884 750 1920 de
770 1884 1090 1922 Antiochensibus
1114 1885 1223 1934 supra
1244 1898 1279 1925 2.
1300 1891 1442 1931 κοίη.
1469 1890 1679 1922 annotave-

135 1951 215 1983 rat,
243 1951 278 1975 v.
302 1948 400 1986 quae
420 1937 502 1972 Cas.
522 1935 570 1971 de
589 1933 860 1973 Alexandrinis
881 1935 994 1971 habet
1011 1935 1056 1971 ad
1075 1935 1217 1972 Athen.
1239 1950 1274 1982 ᾳ,
1295 1947 1352 1980 25.
1373 1930 1506 1972 Boni-¹·
1533 1925 1585 1971 Ex
1604 1933 1679 1971 Iso-

135 1988 250 2029 cratis
267 1991 407 2034 Areop.
431 1987 527 2022 circa
550 1984 648 2023 med.
675 1998 711 2033 p.
739 1996 817 2029 199.
839 1995 1015 2032 apparet,
1042 1985 1137 2023 tales
1166 1986 1342 2022 homines
1364 1984 1533 2029 facetos,
1557 1984 1603 2021 ad
1626 1983 1678 2019 ir-

132 2039 341 2079 ridendum
368 2036 496 2074 faciles
524 2046 562 2072 et
584 2045 776 2083 promtos‚
803 2046 844 2070 es
867 2043 990 2072 aet‘ate
1007 2037 1143 2082 εὐφυεῖς
1160 2035 1395 2083 appellatos,
1421 2033 1489 2081 (cf,
1509 2033 1609 2072 laud.·
1627 2031 1676 2072 ad

134 2106 173 2138 4,
194 2103 229 2135 7,
252 2090 307 2137 3.)
333 2088 378 2123 ab
399 2084 592 2122 veteribus
621 2095 746 2122 autem
766 2084 1063 2125 Atheniensibus
1086 2088 1245 2130 δυςυχεῖς
1273 2095 1428 2133 putatos
1441 2082 1562 2122 fuisse.
1606 2084 1676 2121 ‘De

135 2140 338 2180 dicacitate
349 2134 691 2174 Alexandrinorum
703 2136 845 2171 Seneca
868 2134 912 2170 ad
934 2135 1047 2171 Helv.
1069 2147 1101 2170 c.
1125 2146 1181 2179 17.
1207 2135 1331 2183 itaque
1348 2135 1489 2184 loquax
1505 2143 1544 2171 et
1566 2133 1674 2183 inge-

132 2189 239 2229 niosa
262 2189 300 2225 in
318 2185 571 2223 contumelias
589 2183 855 2233 p›·aefe‹‘lormn
875 2184 1085 2232 provincia,
1113 2185 1152 2220 in
1167 2197 1237 2232 qua
1258 2186 1391 2227 etiam,
1407 2183 1481 2234 -qui
1498 2185 1674 2220 vitarunt

133 2242 295 2288 culpam,
320 2249 389 2274 non
404 2236 614 2286 effic-gerunt
633 2233 842 2281 iffamiam.
895 2237 955 2271 De
973 2232 1152 2277 dicteriis,
1177 2236 1222 2271 ab
1243 2232 1509 2273 Alexandr-ioh
1524 2233 1567 2270 ih
1583 2232 1674 2271 Ves-

134 2292 324 2341 pafianum
345 2281 448 2323 iactis
461 2311 471 2327 ‚
504 2299 538 2321 v.
559 2285 674 2332 Xiph.
694 2288 755 2321 66.
774 2297 808 2332 p.
829 2297 914 2331 749.
930 2287 975 2321 B.
995 2285 1097 2321 Suet.
1117 2284 1230 2332 Vesp.
1249 2297 1277 2320 c.
1294 2296 1350 2328 19.
1371 2283 1452 2331 (ubi
1471 2283 1531 2321 ed.
1544 2284 1672 2338 Burm.

133 2355 170 2385 2,
192 2351 274 2385 254.
322 2335 555 2374 Torrentius
575 2335 693 2372 etiam
716 2335 761 2371 ad
785 2334 904 2372 Nostr.
925 2333 1109 2382 respicit,)
1132 2346 1171 2371 et
1192 2333 1237 2369 ad
1258 2335 1297 2370 h.
1319 2335 1345 2370 l.
1363 2332 1489 2370 Pitisc.
1536 2334 1598 2370 De
1614 2332 1671 2368 dr-

132 2383 292 2429 cacitate
311 2384 659 2425 Alexandrinorum
678 2382 871 2432 accipiunt
890 2384 1045 2432 quidam
1068 2383 1183 2420 Ovid.
1201 2383 1309 2421 Trist.
1334 2395 1366 2427 1,
1386 2396 1419 2426 2,
1434 2392 1516 2437 805,
1539 2383 1591 2420 de
1607 2394 1671 2436 ea-

134 2443 222 2479 dem
251 2436 414 2475 Martial.
436 2450 473 2482 4,
496 2448 552 2482 42.
607 2434 683 2473 Sed
711 2433 840 2479 nescio
860 2447 906 2470 an
930 2433 1092 2472 Ovidius
1111 2433 1198 2470 alias
1218 2433 1349 2481 potius
1378 2432 1531 2470 delicias
1549 2431 1671 2479 teipi-

131 2491 220 2531 ciat‚
238 2496 357 2537 'quam
375 2485 481 2522 iocos
493 2482 837 2522 Alexandrinorum
849 2510 858 2526 ,
886 2484 1039 2532 quando
1057 2483 1129 2521 ait:
1155 2483 1240 2519 Non
1258 2493 1299 2520 ut
1311 2481 1512 2520 Alexandri
1529 2484 1670 2519 claram

131 2541 282 2580 delatus
298 2539 337 2574 in
356 2537 489 2573 urbem
512 2535 676 2572 Delicias
695 2534 841 2572 videam
861 2534 946 2570 Nile
966 2533 1091 2571 iocose
1109 2543 1202 2569 tuas.
1251 2532 1348 2570 locis
1370 2545 1450 2570 non
1468 2531 1555 2568 satis
1575 2543 1670 2568 con-
1719 2541 1722 2545 ·

129 2589 240 2628 venit
266 2601 301 2624 v.
322 2587 460 2623 videre.
511 2585 595 2622 Nec
615 2583 806 2633 nequitias
837 2582 1002 2621 Niliacas
1026 2595 1072 2620 ex
1095 2582 1257 2620 Martial.
1274 2583 1299 2618 l.
1320 2583 1346 2619 l.
1374 2585 1450 2621 huc
1478 2581 1666 2619 traxerim.

131 2638 290 2678 Cantica
321 2636 404 2674 Nili
435 2634 580 2682 potiori
606 2634 708 2672 forte
734 2634 815 2671 iure
844 2646 889 2671 ex
920 2634 992 2676 111,
1014 2636 1075 2678 63,
1096 2647 1132 2679 4.
1159 2633 1235 2669 huc
1264 2633 1547 2669 advocarentur.
1595 2633 1668 2678 Ap.

130 2689 246 2726 Ovid.
269 2698 396 2724 tamen
419 2685 577 2722 deliciae
597 2682 681 2722 Nili
700 2683 851 2732 possunt
869 2682 939 2720 effe
958 2682 1068 2730 pueri
1088 2681 1332 2719 Alexandrini
1348 2681 1496 2718 dicaces
1516 2680 1585 2724 illi,
1611 2679 1669 2717 fa-

132 2738 180 2778 eti
203 2749 280 2786 que
301 2748 339 2774 et
362 2735 504 2773 eruditi
523 2737 568 2773 ad
591 2734 674 2772 ioca
692 2745 733 2771 et
752 2732 993 2771 scurrilitates
1021 2743 1140 2782 gratas
1169 2730 1356 2774 dominis,
1382 2730 1471 2769 ideo
1490 2742 1566 2779 que
1583 2741 1670 2767 care

132 2788 241 2830 emti.
271 2786 391 2827 Hinc
412 2785 570 2826 eosdem
581 2784 726 2826 statius
744 2784 792 2824 V.
804 2782 902 2822 Silv.—
918 2793 952 2830 5,
966 2784 1032 2822 66.
1047 2781 1310 2835 vocat-Pharia
1327 2784 1375 2823 de
1393 2793 1524 2834 puppe
1524 2781 1672 2863 <oqua-
