1722 3086
85 136 187 182 794
503 119 811 168 EXCVRSVS
843 120 931 166 AD
963 118 1117 165 LIBR.
1151 120 1231 167 111.

188 238 231 275 A.
253 240 300 275 U.
323 238 366 275 C.
394 239 481 284 969.
506 249 543 286 p.
563 236 613 274 N.
637 236 678 273 C.
704 237 788 274 216.
837 234 1047 279 Caracalla,
1071 249 1115 275 ut
1137 235 1346 288 provinciis
1366 237 1559 286 placeret.
1584 234 1637 277 si·-⁴

83 288 165 328 mul
186 300 259 335 que
280 288 480 336 pecuniam
501 300 546 324 ex
566 286 640 324 illis
659 296 889 335 corrogaret,
912 287 1038 336 legem
1059 288 1169 331 tulit,
1198 300 1272 337 qua
1291 287 1333 325 in
1353 289 1443 327 orbe
1459 289 1639 328 Romano

82 338 150 387 qui
175 338 286 381 sunt,
310 352 354 375 ex
385 337 663 374 constitutione
692 336 936 384 Imperatoris
961 337 1155 376 Antonini
1184 339 1284 377 cives
1318 338 1483 379 Romani
1509 337 1635 379 effesti

83 391 188 433 funt.
241 390 291 426 D.
314 390 362 426 de
390 387 484 425 statu
503 387 672 424 hominis
694 388 717 424 l.
745 399 802 431 17.

180 440 223 476 A.
245 441 289 475 U.
314 441 358 476 C.
384 449 469 484 970.
490 451 525 486 p.
547 440 598 474 N.
622 439 666 474 C.
690 449 773 483 217.
826 437 1013 476 Caracalla
1040 451 1061 474 a
1086 438 1252 488 quodam
1281 438 1479 483 Martiale,
1515 451 1634 488 quem

83 488 262 529 'affecerat
283 487 419 527 iniuria
433 515 444 530 .
472 491 603 527 Carras
623 487 722 525 inter
743 499 782 524 et
802 487 965 525 Edeffam
988 488 1029 525 in
1046 489 1346 537 Mesopotamia,
1366 490 1438 526 alvi
1457 489 1635 528 inanien-

83 540 156 578 dae
177 540 368 588 satagens,
397 539 496 577 inter
515 539 640 575 faeces
662 549 700 574 ct
722 537 868 575 urinam
889 538 1082 576 confossus
1103 539 1154 576 est
1180 543 1213 576 6.
1236 540 1323 577 Idus
1339 540 1502 585 Apriles.
1553 541 1635 580 Na-

83 602 148 629 tus
171 589 220 627 est
240 589 302 627 die
324 590 452 627 octava
476 589 616 638 Aprilis
631 613 642 631 ,
668 589 714 626 A.
737 601 773 638 p.
794 589 836 627 C.
861 588 908 628 N.
935 598 1016 631 138.
1037 588 1132 628 vixit
1151 602 1273 627 annos
1293 601 1354 636 29.
1374 590 1548 641 regnavit
1566 602 1635 630 an-

81 653 158 680 1105
183 644 217 678 6.
240 639 384 677 menses
406 640 562 676 binosst

187 689 369 739 Denique
391 691 592 731 accedant,
619 702 712 737 quae
733 689 798 737 ipsi
819 689 1083 738 scripseramus
1103 703 1124 727 e
1143 690 1248 728 Fabr.
1271 689 1317 727 ad
1334 690 1452 729 Dion.
1472 693 1631 740 μυός.

83 741 123 792 §.
149 751 206 788 53.
229 739 419 782 „Fallitur
441 739 685 777 Herodianus
711 748 741 785 3,
763 752 798 784 9,
824 753 855 776 1.
870 767 879 782 ,
907 741 973 789 qui
993 751 1199 788 utrumque
1221 740 1343 778 filium
1365 741 1441 779 iam
1459 751 1548 779 ante
1569 753 1636 779 ex-

80 791 324 843 peditionem
344 789 553 827 Parthicam
573 792 743 832 κοινωνούς
766 800 828 834 τῆς
849 798 933 838 βκσ.
957 790 1013 834 καὶ
1032 795 1113 829 αὐτ.
1143 805 1163 828 a
1182 795 1323 830 Severo
1344 791 1465 830 dictos
1485 790 1634 829 tradit‘·‘

83 841 170 891 post
191 853 286 891 quae
305 840 415 878 addit
433 839 566 881 „filius
586 853 725 888 nempe
746 841 864 877 maior
886 843 936 878 M.
971 841 1146 879 Aurelius
1175 843 1398 879 Antoninus
1422 854 1527 879 nunc
1549 840 1633 890 pri..

83 905 194 932 murn
213 894 256 929 A.
268 894 314 929 U.
338 892 379 928 C.
401 903 486 935 951.
513 891 609 928 circa
633 891 798 928 hiemem
822 891 1006 939 particeps
1023 892 1174 940 imperii
1195 890 1316 929 fastus
1335 892 1407 935 est,
1432 890 1634 940 fiSpartia·

83 956 180 983 num
201 942 436 990 l‘equimur.“
471 942 543 978 Sed
567 941 666 977 idem
681 943 787 981 Fabr.
804 942 904 989 ib.p.
925 954 1026 985 1272.
1052 940 1088 989 §.
1104 955 1159 978 11.
1211 943 1334 984 „Noli
1356 943 1447 979 hinc
1467 939 1635 979 confice·-

83 1007 147 1036 τε,
181 995 255 1031 iam
280 1003 385 1034 tum,
419 991 575 1029 vivente
602 991 824 1035 Plautiano,
862 993 1002 1030 Getam
1030 1005 1185 1042 quoque
1213 993 1420 1041 Augustum
1453 991 1561 1029 fuisse
1591 999 1634 1028 et

80 1043 301 1081 consortem
322 1042 494 1090 imperii,
530 1044 851 1088 quemadmodum
881 1043 1035 1080 Herodi.
1067 1053 1100 1091 3,
1125 1056 1160 1088 9,
1186 1056 1217 1079 1.
1234 1068 1244 1085 ,
1272 1044 1333 1080 sed
1357 1043 1475 1084 falso,
1500 1042 1634 1078 ambos

82 1093 187 1134 filios
206 1093 280 1131 iarn
302 1104 392 1130 ante
417 1092 706 1141 expeditionem
733 1093 939 1130 Parthicam
961 1110 1083 1132 κσινων.
1105 1102 1165 1136 τῆς
1188 1100 1270 1140 βπ.
1289 1091 1346 1136 καὶ
1365 1096 1444 1131 aar.
1473 1106 1493 1129 a
1512 1093 1632 1128 Seve-

78 1158 129 1184 xo
156 1145 277 1181 diflos
307 1141 481 1179 scribit.“
534 1143 685 1179 Dein-..ie
708 1142 822 1180 docet
844 1143 912 1179 tria
940 1144 1052 1186 haec,
1084 1147 1118 1189 1)
1143 1158 1202 1182 an.
1226 1146 1270 1180 U.
1294 1145 1337 1180 C.
1359 1155 1443 1187 951.
1466 1142 1634 1179 Antoni-

19 1240 21 1243 ·
78 1208 175 1235 :num
197 1193 430 1242 Augustum,
461 1193 597 1229 Getam
620 1204 768 1230 tantum
793 1192 986 1230 Caesarem
1006 1194 1148 1231 diuum
1170 1194 1262 1238 effe,
1300 1197 1338 1240 2)
1356 1194 1508 1231 ,Getam
1535 1203 1632 1229 vero

79 1246 294 1295 Augustum
319 1253 356 1279 et
377 1243 599 1291 participem
624 1242 774 1290 imperii
801 1243 941 1280 fanum
963 1244 1035 1281 esse
1057 1244 1210 1281 demum
1234 1244 1422 1281 decennio
1445 1244 1546 1290 post,
1588 1244 1630 1289 3)

80 1298 225 1335 Getam
255 1306 383 1331 tamen
416 1292 557 1329 fastum
587 1294 657 1330 effe
686 1293 893 1343 Augustum
919 1293 1008 1332 vivo
1031 1295 1154 1332 adhuc
1175 1305 1294 1342 patre.
1357 1293 1471 1331 Unde
1493 1291 1633 1331 Noster

77 1346 147 1385 vix
167 1345 386 1395 purgabitur
407 1356 426 1379 a
447 1343 544 1379 vitio
564 1342 726 1393 neglcsti
745 1343 944 1394 temporis.
992 1346 1196 1383 Caeterum
1210 1346 1255 1383 ad
1274 1345 1405 1382 locum
1419 1344 1634 1394 TenuH-p.

76 1408 146 1446 41.
168 1410 203 1434 e.
222 1406 322 1433 tacet
345 1392 551 1434 Salmasius.

782 1453 817 1494 3⁹
841 1457 878 1489 9·
900 1449 938 1481 6·

711 1500 778 1539 τὰς
816 1491 949 1543 ’Ἄγρας
983 1507 1020 1533 a.
1293 1528 1296 1534 .

186 1561 264 1597 Iam
292 1559 403 1608 supra
432 1558 492 1606 (3,
516 1570 550 1601 1.
570 1558 630 1605 4.)
658 1558 793 1595 monui
809 1583 821 1600 ,
857 1557 956 1595 nihil
984 1558 1033 1596 de
1053 1557 1123 1595 hac
1151 1559 1244 1596 urbe
1266 1570 1332 1597 aut
1353 1568 1472 1608 gente
1492 1557 1633 1599 exstare

81 1622 146 1659 ap.
170 1609 392 1648 vetustiores
417 1609 632 1657 scriptores.
677 1607 900 1656 Xiphilinus
923 1608 1084 1646 eandem
1106 1622 1185 1645 rem
1208 1620 1355 1650 narrat,
1383 1609 1515 1646 urbem
1537 1621 1633 1645 vero

79 1666 131 1701 τὲ
152 1658 270 1708 ’'A-rga
292 1660 470 1708 appellat,
494 1671 590 1707 quae
610 1658 769 1696 varietas
792 1658 834 1695 in
855 1658 1080 1696 nominibus
1101 1658 1254 1696 urbium
1275 1658 1377 1695 haud
1396 1656 1548 1695 insolita
1566 1658 1633 1696 est.

79 1711 300 1760 Stephanus
321 1713 409 1758 Byz.
426 1720 552 1746 autem
576 1708 615 1745 in
635 1722 682 1745 eo
703 1708 858 1757 quidem
879 1721 966 1746 cum
986 1709 1112 1745 nostro
1130 1707 1346 1751 consentit,
1374 1707 1478 1757 quod
1497 1709 1636 1747 urbem

73 1758 206 1810 ''Aa-geu
228 1759 415 1809 appellat,
438 1759 502 1802 scd
524 1758 574 1796 ait
599 1757 703 1795 {itam
721 1758 830 1796 fuisse
850 1758 1010 1796 eandem
1032 1759 1133 1797 inter
1153 1759 1387 1807 Euphratem
1406 1771 1448 1795 ac
1466 1759 1632 1807 Tigrim,

79 1812 221 1861 allegat
242 1823 317 1858 que
337 1808 597 1846 testimonium
612 1808 760 1846 Arriani
778 1822 823 1846 ex
845 1821 890 1853 17
903 1808 1180 1846 Parthicorum.
1238 1809 1421 1848 Meminit
1439 1820 1634 1856 praeterea

78 1863 187 1901 urbis
219 1860 439 1903 cuiusdam,
481 1872 594 1907 quam
626 1856 791 1907 Ἀτςιῖνην
829 1858 1018 1907 appellat,
1057 1858 1099 1896 in
1130 1872 1207 1907 quo
1241 1859 1372 1896 errasse
1401 1870 1488 1895 eum
1521 1870 1634 1907 puto.

79 1913 183 1952 Nam
206 1910 313 1948 sicuti
338 1909 430 1947 aliae
458 1911 635 1958 regiones
658 1908 724 1946 sub
754 1921 799 1946 ea
828 1909 922 1946 caeli
952 1919 1059 1958 parte
1091 1909 1314 1946 nominibus
1334 1907 1634 1957 infigniebantur

79 1963 126 2003 in
146 1979 204 2006 nvn
235 1960 488 2001 exeuntibu8‚
522 1963 721 2005 Ἀδιαβηνὴ,
749 1959 930 2006 Ὀςροηνῆς
966 1966 1156 2004 brunum).
1192 1966 1382 2003 Μελιτηνῆ,
1419 1965 1631 2004 Korma-rm

79 2023 159 2051 etc.
193 2011 246 2049 ita
274 2010 435 2057 Ἀτςηνῆν
466 2009 596 2046 distem
625 2020 718 2057 puto
748 2009 853 2045 illam
873 2009 1092 2059 regionem,
1125 2021 1223 2058 quae
1252 2021 1331 2046 crat
1359 2008 1457 2044 circa
1480 2006 1632 2055 ''Argae-

79 2064 222 2112 Neque
245 2060 371 2098 minus
391 2061 432 2097 in
453 2074 498 2096 eo
517 2059 630 2096 falsus
647 2058 698 2096 est
721 2059 874 2107 Steph.‚
902 2059 1007 2108 quod
1026 2060 1160 2097 urbem
1179 2058 1481 2107 Mesopotamiae
1500 2058 1635 2097 adscri-

80 2112 164 2155 bit,
190 2123 234 2149 ac
256 2110 352 2147 dicit
376 2123 457 2146 eam
478 2110 578 2146 inter
604 2110 836 2157 Euphratem
867 2120 907 2146 et
923 2108 1074 2159 Tigrim
1096 2108 1198 2146 fitam
1218 2107 1301 2146 effe.
1350 2109 1527 2157 Namque
1548 2120 1633 2146 eam

81 2158 245 2203 Arabia‘e
264 2161 399 2198 urbem
418 2159 540 2202 fuiffe,
559 2161 742 2196 Severum
763 2171 837 2208 que
850 2171 936 2196 cum
954 2158 1119 2197 exercitu
1135 2160 1257 2207 usque.
1267 2159 1306 2195 in
1326 2159 1424 2195 hanc
1436 2158 1636 2208 regionem

80 2209 313 2264 pervenisse,
340 2222 420 2246 non
447 2209 566 2246 solum
593 2222 638 2246 ex
670 2209 885 2246 Herodiani
914 2220 954 2246 et
971 2208 1090 2256 Xiph.
1119 2207 1338 2245 testimonio
1369 2221 1541 2257 apparet,
1569 2205 1634 2245 sed

80 2262 197 2303 etiam
220 2274 266 2298 ex
286 2260 446 2297 Arabici
462 2259 719 2308 cognomine,
753 2258 856 2307 quod
879 2256 946 2307 ipli
973 2259 1141 2296 inditum
1161 2259 1283 2302 fuiss'e,
1308 2271 1393 2295 cum
1413 2259 1499 2296 Ael.
1520 2260 1632 2306 Spar-

81 2313 210 2353 tianus
232 2311 274 2347 in
294 2312 378 2348 Sev.
403 2322 435 2346 c.
464 2321 517 2346 ιο.
549 2321 630 2346 turn
652 2310 767 2345 etiam
789 2308 949 2346 Nummi
978 2309 1172 2346 testantur.
1221 2311 1332 2346 Atras
1353 2321 1502 2351 autem,
1531 2307 1632 2346 haud

79 2362 216 2414 procul
239 2374 259 2398 a
280 2359 362 2398 finu
382 2359 528 2397 Persico
550 2359 702 2397 abfuisse
723 2368 834 2407 puto.
887 2359 1011 2397 Etiam
1037 2359 1244 2397 Traianum
1266 2361 1362 2396 hanc
1391 2360 1520 2396 urbem
1550 2358 1631 2394 fru-

80 2413 151 2452 stra
173 2409 427 2461 oppugnasse,
456 2413 582 2447 Amm.
603 2409 854 2446 Marcellinus
872 2409 1027 2447 testatur
1047 2410 1073 2445 l.
1097 2420 1157 2453 25.
1178 2409 1283 2446 cuius
1306 2410 1414 2446 verba
1434 2407 1631 2445 adscribo:

78 2473 191 2515 prope
210 2462 368 2499 Hatram
389 2460 573 2501 venimus,
597 2470 707 2496 vetus
726 2459 891 2508 oppidum
912 2460 953 2497 in
973 2460 1091 2497 media
1111 2458 1320 2496 solitudine
1338 2459 1507 2507 positum,
1535 2457 1632 2494 olim

79 2527 149 2565 que
172 2511 381 2563 desertum,
396 2511 492 2559 quod
507 2510 701 2546 eruendum
721 2510 849 2546 adorti
873 2510 1091 2559 temporibus
1112 2509 1235 2546 variis
1258 2509 1438 2546 Traianus
1466 2518 1502 2544 et
1524 2509 1631 2544 Seve-

80 2576 147 2600 rus
162 2560 345 2612 principes
368 2560 534 2607 bellicofi‚
558 2572 635 2596 cum
655 2560 877 2597 exercitibus
892 2569 983 2610 pene
1003 2559 1111 2596 deleti
1122 2558 1223 2609 sunt.
1278 2559 1382 2597 ldem
1400 2558 1478 2595 Dio
1490 2557 1630 2594 Caffius

81 2613 125 2651 in
145 2611 315 2650 Traiano
336 2611 376 2648 et
396 2623 441 2647 ex
463 2623 508 2646 eo
525 2608 745 2658 Xiphilinus
762 2619 912 2654 narrat,
939 2608 982 2647 in
1003 2621 1083 2658 quo
1105 2620 1233 2647 tamen
1252 2608 1456 2656 Ἀ’γαςηνοῖς
1478 2619 1631 2645 mutan-

82 2663 173 2702 dum
198 2662 353 2699 videtur
375 2658 417 2697 in
436 2660 622 2706 Ἀτςηνοῖς.
671 2658 733 2695 Sic
753 2670 881 2696 autem
901 2659 1051 2697 scribit:
1078 2665 1169 2705 μετὰ
1196 2665 1232 2698 δὲ
1252 2662 1366 2697 ταῦτα
1388 2665 1421 2702 ἐς
1447 2663 1506 2701 τῆν
1526 2657 1631 2704 Ἀςα-
1675 2699 1682 2704 ,

82 2718 164 2760 βίαν
189 2707 304 2756 ἦλθε»
331 2708 387 2753 ²⁰⁰⁸!
413 2715 485 2751 τοῖς
511 2710 738 2756 ἈΎᾱςῆνῦῗς,
764 2711 879 2751 ἐπειδὴ
906 2711 962 2754 καλ
982 2712 1082 2747 αὐτοὶ
1110 2705 1368 2756 &spaniam-av.
1406 2707 1461 2751 καὶ
1490 2704 1544 2746 ἕςι
1565 2712 1630 2752 μὲν

80 2760 162 2801 οὔτε
180 2765 320 2807 μεγάλη
340 2756 419 2798 οὔτε
450 2763 616 2806 εὐδαίμων
642 2762 661 2801 ἦ
683 2766 794 2801 πόλις·
823 2757 842 2799 ἦ
863 2776 904 2798 τε
925 2764 1022 2807 πέριξ
1049 2758 1149 2807 xaigx
1169 2756 1292 2806 ἔρημος
1319 2765 1374 2798 ἐπὶ
1400 2753 1541 2797 rasis-civ
1566 2762 1632 2798 ἐςι,

82 2810 140 2854 καὶ
166 2808 244 2852 039*
263 2810 376 2858 ὕδωρ,
404 2808 458 2848 ὅτι
482 2817 530 2858 μῆ
558 2809 702 2859 finxi),
726 2807 784 2856 xo.)
810 2811 914 2851 τοῦτο
940 2813 1132 2859 δυσχερὲς,
1155 2808 1236 2851 οὔτε
1261 2809 1364 2858 χιΛδν
1383 2810 1430 2855 ⁴)
1474 2806 1635 2855 ἴσχει.-
