1717 3082
111 99 284 147 LIBER
309 98 364 143 11.
397 96 615 144 CARVI.
657 95 710 140 A.
735 96 788 141 V.
804 95 853 140 C.
874 94 997 150 946.
1031 92 1170 139 CHR.
1193 91 1258 137 N.
1291 102 1409 147 193.
1456 94 1554 144 183

32 213 56 268 ui
83 209 347 278 σύγκλητος
383 210 623 271 καθεῖλεν,
673 210 782 259 οἰνα-
818 213 989 261 senatus
1001 213 1234 262 demolitus
1254 211 1408 268 fuerat,
1436 209 1554 258 sein·

30 365 111 412 Stp.
130 362 204 406 Th.
223 374 374 411 quoque
391 361 431 398 in
448 360 518 402 alia
539 358 666 402 causa;
691 371 803 408 porro
815 357 951 397 Nostro
968 367 1201 398 memorante
1219 356 1293 397 hic,
1322 354 1424 404 quod
1436 354 1546 402 supra

29 413 71 450 in
85 411 295 449 Commodo
315 424 391 448 non
416 411 565 453 metum,
588 408 637 446 de
658 422 761 446 more
783 409 893 446 etiam
913 408 1080 449 aliorum,
1107 420 1187 443 non
1207 406 1441 454 negligenter
1455 403 1547 441 scri-

29 462 227 504 bentium,
267 472 345 510 quo
376 460 423 497 de
441 461 563 505 Capit.
584 459 623 495 in
647 461 793 496 Comm.
812 471 840 496 c.
863 462 895 494 6.
911 458 933 494 i.
952 459 996 495 Τ.
1018 470 1048 493 1.
1071 470 1106 505 p.
1128 468 1209 501 54¹.
1233 468 1263 491 e.
1286 469 1390 504 quum
1409 453 1546 503 postero

30 513 267 552 Calendarum
287 511 344 546 die
364 509 498 546 statuae
524 510 700 545 Commodi
728 506 995 550 deiicerentur,
1019 515 1231 555 gemuerunt
1248 506 1403 544 milites,
1436 514 1476 541 et
1500 502 1544 540 in

31 561 175 598 senatus
194 557 519 599 acclamationibus
531 558 677 605 Lampr.
697 558 735 594 in
748 559 892 594 Comm.
912 569 943 592 c.
961 566 1014 598 18.
1034 568 1069 603 p.
1083 568 1164 602 524.
1178 569 1210 592 e.
1227 554 1314 604 hosti
1335 553 1473 602 patriae
1485 552 1545 588 ho-

30 622 134 657 nores
155 609 417 651 detrahantur,
441 609 653 656 parricidae
672 607 833 644 honores
855 607 1116 645 detrahantur,
1146 617 1180 651 p.
1205 609 1287 650 526.
1307 604 1330 641 i.
1351 602 1454 652 hostis
1477 603 1545 637 sta-

31 671 112 696 tuas
139 658 311 706 undique,
346 656 548 705 parricidae
573 656 722 706 statuas
748 658 938 704 undique,
969 655 1193 705 gladiatoris
1220 654 1351 695 statuas
1379 652 1544 699 undique.

27 705 241 757 gladiatoris
259 718 295 743 et
318 706 677 755 parricidaestatuae
697 706 948 747 detrahantur,
967 725 1007 734 --
1020 705 1244 753 gladiatoris
1266 704 1397 747 statuae
1419 703 1544 737 detra-

26 758 185 797 hantur,
213 756 254 793 it.
277 756 325 792 ib.
347 768 378 794 c.
396 767 452 797 ¹9-
475 755 496 792 i.
519 756 719 802 parricidae
729 756 949 804 gladiatoris
971 754 1148 801 memoria
1168 754 1366 793 aboleatur,
1394 749 1544 799 parrici-

24 805 94 842 dac
106 806 329 854 gladiatoris
344 804 480 842 statuae
501 807 760 847 detrahantur,
788 805 854 842 rel.
872 816 910 841 et
929 817 959 840 c.
977 817 1035 841 20.
1054 817 1087 840 e.
1110 817 1145 851 p.
1160 812 1239 847 528.
1264 800 1540 838 censeo—abo·

23 856 148 892 tendas
169 854 319 891 statuas:
347 868 436 903 quae
457 855 625 905 undique
636 854 725 903 sunt
742 854 958 895 abolendae,
983 867 1104 891 nomen
1117 865 1189 901 que
1209 865 1253 888 ex
1272 850 1449 887 omnibus
1459 849 1540 898 pri-

24 905 125 940 vatis
143 904 299 951 publicis
312 916 376 952 que
394 904 650 944 monumentis'
661 906 872 942 eradendum
887 919 895 940 :
921 903 1063 940 menses
1076 916 1141 949 que
1160 900 1216 939 his
1236 900 1430 937 nominibus
1441 911 1538 937 nun·

24 954 239 1000 cupandoS‚
270 954 394 1006 quibus
415 956 711 1002 nuncupabantur
723 979 734 995 ,
761 967 865 1003 quum
880 955 1034 1000 primum
1055 952 1146 988 illud
1159 952 1286 987 malum
1300 951 1338 985 in
1356 958 1466 997 remp.
1483 949 1540 984 in·

23 1004 166 1045 cubuit3
201 1016 222 1040 e
248 1002 385 1050 quibus
414 1002 578 1050 pendeat
604 1002 714 1041 huius
741 1003 851 1039 nostri
880 1002 956 1039 loci
988 1000 1256 1049 intelligentia,
1289 1011 1331 1036 ut
1357 995 1540 1035 memoria

25 1052 228 1090 Commodi
250 1062 455 1088 renovetur
469 1051 627 1089 nomine
645 1053 724 1089 eius
742 1052 908 1089 restituto
940 1064 1006 1098 per
1025 1051 1171 1087 menses
1191 1060 1230 1086 et
1256 1049 1295 1085 in
1318 1059 1542 1084 monumen-

25 1102 98 1144 ris.
124 1101 258 1143 etiam,
285 1100 423 1137 durnid
436 1101 580 1138 Iuliano
596 1100 660 1148 ipsi
681 1101 806 1144 datur,
835 1101 882 1137 cf.
901 1100 999 1149 §.3sq.
1014 1126 1025 1142 ‚
1052 1100 1113 1137 sed
1135 1110 1174 1136 et
1191 1097 1398 1135 instauratis
1419 1100 1540 1141 τιμαῖς

24 1150 80 1196 καὶ
103 1149 228 1195 εἰκόσι,
262 1162 351 1199 quas
378 1162 468 1187 unas
496 1150 716 1198 posteriores
734 1151 783 1187 ib.
809 1151 938 1187 Noster
956 1150 1145 1192 nominat,
1179 1148 1241 1184 hic
1267 1147 1448 1184 adhibens
1479 1145 1541 1182 vel

24 1200 169 1249 copiam
188 1200 291 1248 sym,
315 1201 510 1247 (copulato
521 1201 676 1237 nomine
688 1199 849 1237 universi
861 1201 1006 1249 generis
1023 1212 1064 1235 ac
1086 1199 1242 1237 formae,
1269 1208 1310 1232 ut
1322 1209 1377 1243 ap.
1392 1197 1541 1241 Lampr.

23 1250 231 1297 promiscue
244 1248 418 1285 videntur
432 1250 525 1295 poni
545 1250 690 1286 honores
709 1250 920 1299 astatum,
947 1261 1065 1297 utque
1078 1248 1162 1284 alibi
1181 1265 1214 1285 τ.
1234 1247 1279 1282 de
1298 1246 1421 1283 statuis
1433 1244 1538 1282 usur-

22 1311 148 1347 patur,
178 1299 223 1335 cf.
243 1298 287 1334 ad
309 1299 388 1335 Ael.
409 1300 454 1335 V.
473 1299 509 1336 h.
529 1312 563 1340 2,
584 1310 641 1347 33.
662 1313 708 1336 m.
731 1313 765 1348 p.
783 1309 858 1344 158.
883 1300 931 1336 N.
948 1312 1002 1335 12.
1032 1310 1070 1335 et
1094 1311 1150 1342 ¹4-
1179 1310 1207 1333 1.
1228 1296 1251 1331 i.
1276 1308 1309 1342 p.
1331 1304 1410 1340 928.
1433 1295 1477 1331 N.
1497 1305 1534 1329 2.

22 1349 64 1386 it.
83 1348 172 1391 Obs.
201 1347 303 1386 Misc.
324 1347 434 1385 Amst.
463 1349 507 1384 V.
520 1362 552 1394 4.
573 1362 607 1396 p.
628 1353 726 1396 343.)
759 1351 818 1385 vel
848 1361 934 1385 cum
961 1348 1175 1384 discrimine
1194 1345 1378 1382 scribens.
1416 1341 1537 1392 quod,

19 1398 154 1435 iunfkis
169 1398 298 1434 iisdem
325 1395 449 1434 Nostri
469 1398 657 1436 vocabulis
676 1411 734 1446 ap.
755 1400 870 1435 Dion.
893 1397 970 1434 Cas.
996 1410 1030 1444 p.
1045 1402 1128 1441 650.
1147 1397 1197 1434 N.
1215 1405 1286 1441 131.
1308 1406 1346 1431 et
1363 1406 1448 1438 772,
1475 1404 1535 1436 52·

20 1461 100 1484 non
124 1447 249 1486 editur
267 1448 385 1488 clare,
421 1447 481 1483 sed
503 1448 576 1483 hoc
594 1448 728 1487 fuerit.
764 1460 808 1485 ut
835 1455 894 1485 εἱκ.
923 1447 1113 1484 sumantur
1140 1458 1223 1482 cum
1248 1447 1308 1491 Eg.
1327 1457 1347 1480 e
1368 1445 1429 1484 st,
1470 1440 1538 1488 (cf-

21 1499 100 1544 Stp.
123 1496 193 1532 Th.
214 1496 382 1538 aliunde,
418 1497 478 1533 Sb.
501 1498 602 1540 lnd.‚
637 1499 675 1534 L.
698 1499 747 1534 N.
767 1499 814 1534 T.
836 1498 953 1533 Schw.
969 1523 980 1538 ‚
1018 1496 1098 1532 lud.
1118 1496 1159 1532 R.
1182 1496 1247 1533 Or.
1271 1494 1316 1530 V.
1337 1499 1370 1530 6.
1392 1501 1423 1533 8.
1445 1492 1534 1538 Lyc.

22 1557 107 1581 eum
133 1547 264 1583 eodem
286 1546 408 1582 Nostri
440 1559 473 1582 v.
492 1550 594 1589 κα9.,
631 1547 800 1583 Dem.1s.
824 1548 908 1587 Ev..
942 1547 995 1582 Fi.
1019 1546 1090 1582 Pal.
1116 1545 1198 1581 Ael.
1222 1544 1265 1577 V.
1286 1543 1321 1578 h.
1347 1541 1463 1578 Dion.
1483 1541 1537 1576 H.

22 1595 59 1630 S.
79 1595 127 1630 T.
158 1607 184 1630 ι.
216 1595 306 1631 Luc.
327 1606 366 1631 et
385 1595 510 1636 Suid..
547 1596 727 1644 sensuque
757 1596 946 1633 rhetorico
977 1595 1058 1632 Ind.
1087 1596 1208 1642 Long.
1239 1594 1359 1633 Mor..
1399 1603 1438 1628 et
1460 1589 1535 1626 alio

0 1678 1 1694 2
23 1656 82 1691 ap.
107 1642 261 1686 Herdt.)
281 1642 343 1679 sed
360 1659 396 1679 τ.
415 1644 670 1692 intelligantur
691 1645 814 1691 tituli,
841 1645 1126 1692 inscriptiones,
1161 1638 1287 1679 laudes
1311 1640 1538 1689 appellatio-

0 1695 1 1703 *
23 1705 163 1740 nesque
184 1691 433 1730 honorificae.
466 1693 516 1729 cf.
538 1706 568 1734 ι,
596 1706 651 1738 14,
678 1706 732 1737 15.
760 1707 812 1737 ¹7·
846 1708 874 1736 ι,
901 1706 955 1736 ις,
981 1705 1036 1737 19.
1058 1706 1114 1734 e.‚
1144 1692 1184 1728 it.
1203 1703 1306 1727 arcus
1330 1688 1451 1726 omnis
1471 1700 1533 1737 ge-

23 1743 122 1778 neris
143 1754 183 1776 ac
200 1741 398 1784 materiae,
433 1754 476 1778 ut
496 1742 578 1778 alibi
599 1743 730 1779 tumuli
752 1742 960 1784 honorarii,
997 1743 1039 1778 it.
1063 1754 1144 1779 arae
1162 1753 1200 1785 et
1220 1740 1314 1775 sacra
1333 1752 1418 1775 cum
1435 1749 1532 1779 tem·

23 1791 115 1837 plis,
144 1790 193 1828 cf.
215 1791 331 1827 Dion.
346 1790 368 1827 l.
386 1791 432 1831 1..
462 1789 520 1826 sed
539 1802 581 1827 ut
600 1792 718 1828 rursus·
735 1798 798 1834 τὰς
820 1808 892 1836 τιμ.
922 1791 1068 1828 arstiori
1089 1790 1248 1826 notione
1268 1789 1436 1835 accipere
1460 1786 1528 1823 de-

23 1843 106 1877 beas
126 1852 192 1887 pro
213 1838 357 1880 statuis,
393 1838 417 1877 fi
438 1845 499 1882 τὰς
519 1845 579 1878 else.
599 1841 658 1876 hic
677 1854 714 1876 et
731 1842 763 1888 §
782 1855 833 1883 17.
869 1841 908 1876 it.
931 1854 962 1884 7,
981 1852 1017 1882 7,
1040 1853 1071 1875 2.
1096 1843 1285 1885 ἀνδριάντες
1313 1837 1367 1880 καλ
1397 1832 1530 1877 εἰκένες,

21 1887 120 1932 τιμαί
135 1905 175 1926 τε
192 1891 301 1930 rimu
318 1891 377 1926 τοῦ
391 1893 578 1934 Μκξιμὶνου
596 1899 809 1928 retreat-&vro
828 1889 919 1926 velis
942 1889 1011 1925 esse
1031 1890 1207 1925 rotundas
1222 1886 1400 1934 imagines
1414 1885 1437 1921 s.
1450 1885 1529 1932 cly-

25 1951 115 1986 peos
135 1939 173 1974 in
191 1938 302 1986 siguis
322 1938 564 1979 militaribus,
591 1941 636 1975 de
659 1940 796 1986 qnibus
815 1939 956 1985 v.Lips.
974 1938 1020 1973 de
1041 1938 1150 1974 milit.
1175 1937 1278 1972 Rom.
1299 1939 1323 1971 l.
1341 1949 1374 1981 4.
1393 1934 1479 1970 dial.
1495 1944 1529 1977 ς.

25 1990 156 2034 Ορ.Τ.
167 1999 193 2034 3.
207 1999 240 2034 p.
259 1988 371 2030 rogi.
401 1989 485 2024 Ern.
502 1989 586 2024 Exc.
603 1997 656 2028 18.
672 1989 715 2025 ad
728 1990 831 2025 Suet.
843 2000 881 2025 et
893 1990 941 2025 G.
954 1988 1071 2026 Th.v.
1083 1988 1170 2034 cbrp.
1183 1987 1248 2021 Nr.
1260 1999 1293 2031 4.
1305 2009 1316 2026 ,
1337 1995 1428 2032 quas
1440 1983 1531 2019 ima-

26 2038 133 2086 gines
151 2050 171 2073 e
188 2034 296 2085 lignis
310 2037 449 2073 detrahi
470 2036 606 2074 iusserit
626 2038 786 2078 senatus,
809 2038 910 2085 quod
927 2035 1060 2074 sanein
1080 2033 1320 2075 statuisfecit,
1340 2043 1382 2070 ut
1396 2032 1531 2070 Noster

25 2086 188 2123 ostendit
206 2098 271 2133 per
288 2089 392 2125 καθ.)
427 2086 474 2122 cf.
497 2099 528 2129 1,
551 2099 607 2132 14,
631 2099 684 2130 ¹9·
703 2100 732 2125 e.
747 2111 758 2128 ,
782 2087 843 2123 ubi
864 2087 948 2123 Sch.
975 2085 1146 2126 „sustulit
1163 2086 1241 2121 hon.
1261 2083 1427 2133 etstat.“
1457 2081 1529 2128 eP.

24 2136 169 2173 servans
189 2137 265 2172 Lat.
287 2148 343 2177 v.,
378 2147 458 2171 non
483 2135 574 2172 item
603 2148 776 2183 tempure,
814 2150 832 2173 a
853 2138 916 2183 Bg.
943 2146 1154 2175 retentum,
1190 2134 1252 2181 qui
1274 2144 1313 2168 et
1330 2133 1394 2170 Gr.
1423 2142 1532 2178 pron.

24 2187 137 2226 αὐτοῖς
147 2184 341 2225 conservat
351 2183 559 2234 eodemque
570 2185 668 2227 loeo,
681 2184 837 2232 politum
848 2198 867 2220 a
881 2185 1014 2221 Nostro
1024 2183 1074 2220 ibi
1086 2183 1129 2219 ad
1140 2183 1365 2222 laevitatem.
1377 2180 1530 2228 opinor,

22 2234 85 2270 sed
102 2235 267 2281 ambigua
289 2234 449 2270 notione
472 2246 512 2272 et
526 2234 708 2276 reffione,
744 2246 785 2270 ut
803 2235 924 2272 trahas
946 2234 1004 2270 vel
1023 2234 1066 2269 ad
1083 2247 1118 2269 v.
1139 2238 1230 2270 ἀναν.
1255 2244 1318 2278 per
1340 2231 1414 2267 dat.
1428 2241 1533 2265 com-

22 2283 147 2325 modi,
173 2283 399 2324 voluntatis,
437 2283 597 2325 favoris,
632 2284 692 2321 vel
711 2284 754 2321 ad
775 2297 809 2320 v.
829 2283 959 2329 ὁτεσχ.
980 2281 1132 2330 proprio
1155 2280 1274 2322 sensu3
1303 2281 1405 2327 quod
1425 2277 1529 2319 weit.

23 2333 121 2382 regit
136 2344 255 2380 &teque
274 2331 351 2380 sqq.
372 2332 440 2371 inf.
460 2336 538 2374 δωσ.
558 2345 659 2378 μελλ.
681 2343 720 2370 et
736 2350 885 2377 uer-am,
911 2343 955 2369 ut
972 2344 1051 2368 non
1071 2331 1159 2368 iusta
1178 2329 1221 2366 lit
1241 2329 1423 2366 distinetio
1442 2326 1527 2363 edd.

24 2383 166 2423 maior,
198 2381 260 2419 ubi
280 2382 343 2430 Bg'.
364 2381 637 2429 perspicuitatis
662 2382 764 2420 causa
782 2382 836 2425 καὶ
863 2394 927 2428 per
948 2380 1024 2429 syn.
1044 2381 1121 2416 Lat.
1143 2378 1286 2421 reddit,
1323 2390 1362 2414 et
1375 2389 1460 2413 cum
1480 2388 1527 2411 eo

24 2432 109 2468 Sch.
131 2429 171 2467 in
188 2443 223 2467 v.
243 2434 297 2473 B..
329 2429 474 2467 deserto
493 2433 532 2468 Β.
546 2456 558 2474 ,
581 2431 681 2468 unde
700 2435 764 2479 Bg.
783 2432 822 2468 in
842 2436 885 2478 ἐξ.
901 2455 912 2473 s
934 2443 1029 2479 quae
1048 2430 1082 2465 h.
1102 2431 1125 2465 l.
1141 2429 1253 2465 libera
1274 2427 1430 2476 potestas
1447 2424 1529 2461 fue-

26 2480 75 2518 rit
103 2493 183 2517 non
214 2479 328 2516 modo
355 2479 487 2528 agendi
517 2492 649 2517 contra
680 2481 780 2517 cives
808 2478 1097 2520 contumeliose,
1132 2477 1196 2513 sed
1224 2488 1262 2512 et
1292 2473 1444 2524 parandi
1462 2473 1528 2509 fibi

25 2530 204 2583 quaedam
226 2542 288 2577 per
309 2530 474 2575 rapinas,
499 2540 539 2566 et
553 2529 702 2566 fruendi
727 2529 769 2565 iis
788 2542 851 2575 per
870 2530 995 2576 epulas
1011 2539 1049 2564 et
1067 2525 1258 2575 symposia,
1285 2525 1336 2562 cf.
1355 2537 1390 2566 2,
1402 2537 1438 2570 4,
1449 2534 1529 2568 2.9.

27 2591 65 2615 ct
78 2591 157 2625 2,5,
174 2590 202 2614 1.
215 2602 227 2626 ,
257 2589 407 2626 propter
423 2576 538 2625 sqffu,
560 2579 662 2627 quod
682 2578 807 2627 evulg.
821 2578 902 2615 lest.
913 2579 1070 2613 relatum
1085 2586 1176 2622 puto
1197 2575 1239 2610 ad
1256 2588 1308 2621 pr.
1326 2585 1409 2622 gen.
1426 2588 1528 2612 παπ.

26 2640 90 2676 per
110 2628 320 2665 contraaae
340 2627 520 2665 orationis
542 2626 693 2677 figuram
709 2652 719 2669 ‚
748 2640 814 2674 pro
834 2623 957 2664 τούτων
975 2622 1010 2667 ἒ,
1035 2626 1060 2662 s.
1079 2623 1269 2672 pro'nudo
1287 2621 1332 2668 ἑὲ,
1357 2622 1418 2659 ubi
1431 2635 1463 2657 v.
1477 2627 1532 2666 ἐχ.

25 2676 190 2724 ceperim
212 2690 280 2724 pro
304 2676 506 2723 poffidere.
537 2677 609 2714 frui
624 2689 735 2724 atque
753 2688 942 2714 exercere;
969 2675 1010 2710 in
1025 2687 1099 2721 quo
1117 2685 1158 2710 et
1179 2673 1336 2709 brevitas
1354 2672 1533 2720 quaedam

29 2726 70 2762 in
94 2724 256 2763 dicendo
278 2725 455 2767 sumetur.
478 2725 576 2775 quali
593 2724 722 2763 omisso
741 2726 822 2773 παρ’
836 2726 955 2767 aerei,
980 2724 1028 2760 ob
1045 2722 1257 2760 adiunstum
1278 2722 1329 2761 ἐπ’
1344 2728 1414 2764 iu..
1441 2720 1535 2758 utin
