1717 3082
96 126 371 185 LIBER‘IV.
394 126 521 184 CAP.
542 125 601 184 v.
633 137 825 184 A.V.c.
854 136 976 195 965·
999 137 1218 184 CHRN.
1242 151 1298 181 ω
1318 151 1359 183 2.
1441 142 1504 187 8-
1524 151 1538 160 ·

1488 164 1539 194 ί)

26 250 154 317 ἦσθες.
192 249 328 309 αὐτὸς
358 251 464 317 γοῦν
496 251 516 300 0‘
548 246 679 307 τῆςὸε
711 254 789 307 τῆς
834 255 958 303 etiam
1007 255 1127 305 huius
1180 255 1296 305 tubis
1353 252 1552 306 conditor

29 327 234 393 ,,πο’λεως
263 329 414 386 κτῖςης
453 325 672 394 Ῥωμύλος
710 330 788 376 οὐκ
833 330 1038 382 Romulus
1089 350 1173 381 non
1221 334 1404 400 pertulit
1437 329 1552 402 fra-

30 479 111 532 P9l.
131 491 213 517 cum
234 492 270 528 p.
295 482 376 522 186.
397 479 446 518 N.
469 478 510 517 it.
525 479 617 526 Ἀγβ.
638 477 702 515 ubi
722 489 830 515 verus
857 479 959 516 locus
981 477 1032 515 est
1053 488 1087 525 3,
1110 493 1146 526 4,
1166 492 1220 516 20.
1253 479 1313 518 sed
1344 479 1496 517 tertium
1516 482 1553 518 δὲ

29 533 79 568 οὐ
107 528 185 566 fine
205 530 335 578 apostr.
361 531 411 567 ib.
437 542 469 572 1,
495 541 551 572 10,
574 540 629 566 11.
652 541 690 570 2,
710 531 745 570 6.
765 540 799 575 7.
830 527 868 565 it.
892 529 996 568 Bach.
1012 553 1024 570 ,
1047 528 1107 564 cui
1128 530 1210 566 add.
1234 531 1295 568 ὃν.
1317 543 1351 572 2,
1378 543 1434 574 24·
1463 540 1495 575 3,
1517 541 1554 574 9.

33 592 72 625 4,
97 591 149 616 ιο.
171 591 210 617 et
230 581 342 628 Cyru,
363 579 525 632 cui-add.
546 591 578 620 1,
598 591 633 619 2,
657 590 692 623 9.
726 590 782 613 ιι.
812 589 843 620 1,
867 589 898 622 5,
922 590 954 619 5·
982 590 1012 620 1,
1033 582 1068 620 6,
1092 591 1123 614 2.
1153 573 1303 626 13.b1's‚
1330 592 1368 616 et
1387 586 1428 617 τὲ
1450 577 1494 617 αὖ
1518 591 1553 620 1.

38 641 73 671 ι,
95 641 125 665 ι.
155 640 188 671 ῐ,
212 640 244 674 ς,
264 641 299 674 9.
330 641 367 666 et
390 634 431 666 αὐ
456 635 555 667 oraim
580 640 610 671 1,
631 632 667 670 6,
695 638 751 674 13.
778 626 839 663 sed
863 630 972 663 Dem.
1001 626 1079 663 fine
1107 628 1185 663 lnd.
1218 639 1299 676 238,
1324 642 1381 665 21.
1417 633 1500 672 526,
1518 641 1554 664 α.

39 689 166 724 554,2.
182 690 267 724 559,
283 691 340 724 15.
359 683 445 721 628,
464 692 491 715 r.
513 688 644 726 829‚3.
692 680 734 715 In
755 678 819 714 rel.
842 676 1002 713 severior
1017 678 1094 725 Bg..
1124 690 1232 726 quam
1257 680 1307 720 R,
1337 679 1495 714 maxime
1514 677 1555 714 in

37 729 185 766 servato
206 731 303 776 plur.
325 746 359 767 τ.
378 734 479 776 ἐπιβ,
507 728 555 765 cf.
573 727 607 775 §.
626 741 683 774 4.,
709 737 749 764 et
770 727 810 763 in
831 727 959 763 omiffo
981 726 1065 762 adv.
1088 727 1133 762 ad
1152 743 1243 769 evm,
1272 732 1320 764 ct.
1341 742 1375 775 4,
1390 741 1424 769 2,
1447 738 1506 774 23.

89 795 196 837 αὔτὲς
213 796 272 842 Ιγ.)
299 794 476 832 Diximus
492 793 605 835 alibi,
622 805 761 841 nempe
787 792 833 829 ad
856 805 870 829 1
897 795 941 829 A.
963 795 1052 830 Tac.
1076 804 1132 829 10.
1151 805 1277 829 annot.
1301 807 1374 840 19.,
1402 795 1559 831 solenne

37 844 110 882 effe
138 842 395 893 nequitiarum
414 842 583 881 civilium
604 843 784 893 magistris
805 854 845 879 et
866 843 1075 880 meroribus
1093 843 1192 879 abuti
1217 844 1473 891 exemplorum
1496 855 1560 878 co-

35 895 132 930 lore.
185 897 239 931 Ita
257 895 428 944 Caligula
447 906 505 941 ap.
527 896 627 930 Suet.
645 904 703 939 ες.
724 904 827 942 rapta
846 905 882 930 et
902 893 1054 929 abducta
1082 905 1126 928 ex
1145 894 1295 930 alterius
1318 893 1559 930 matrimonio

39 955 182 985 uxore,
207 945 477 980 matrimonium
485 944 560 991 fibi
578 952 761 993 repertum
782 945 953 990 exemplo
973 943 1107 979 Romuli
1128 954 1165 977 et
1183 942 1332 991 Augffli
1345 967 1355 984 ‚
1383 942 1444 978 ait.
1494 941 1562 978 Ni-

37 992 280 1030 hibufitatius
295 993 436 1034 hodie,
463 1005 576 1040 quam
595 993 765 1041 exempla
785 993 903 1040 palam
923 992 1111 1039 improba,
1138 993 1332 1029 manifesto
1353 1006 1426 1039 que
1446 992 1562 1028 etiam

39 1041 250 1089 gentilium
274 1043 459 1080 consensu
498 1043 692 1085 damnata,
738 1043 779 1079 in
817 1041 1036 1090 praesidium
1072 1042 1188 1076 malae
1215 1042 1338 1077 causae
1371 1043 1574 1077 advocare.

35 1091 254 1139 -Qrinimo,
281 1092 386 1141 quod
415 1106 530 1129 nemo
556 1091 730 1129 cordatus
754 1090 831 1128 fine
854 1092 1002 1139 stupore
1026 1090 1164 1127 referre
1189 1103 1252 1126 aut
1278 1093 1402 1138 legere
1433 1090 1566 1137 potest,

42 1144 88 1179 ad
109 1140 301 1179 licentiam
318 1142 534 1179 facinorum
548 1143 741 1186 tuendam,
768 1152 832 1178 aut
850 1142 943 1178 alios
962 1141 1060 1182 usus,
1089 1140 1160 1185 ipsa
1174 1142 1481 1188 S.Scripturarum
1504 1151 1567 1182 ex-

44 1192 178 1240 empla,
206 1203 303 1240 quae
321 1192 482 1238 Spiritus
501 1195 537 1230 S.
561 1192 599 1228 in
621 1203 818 1239 utramque
836 1204 978 1239 partem
994 1189 1181 1227 manifesta
1200 1190 1349 1226 censura
1369 1190 1424 1225 vel
1445 1188 1564 1225 absol·

42 1242 122 1283 vit,
150 1242 210 1289 vell
235 1242 451 1279 damnavit,
478 1240 661 1278 contraria
683 1242 831 1290 prorsus
854 1240 1164 1289 interpretatione
1188 1241 1433 1279 adornantur3
1460 1237 1566 1286 quod

41 1290 255 1340 praesertim
274 1289 412 1339 impius
433 1289 498 1327 ille
512 1291 575 1328 sub
597 1291 747 1339 pietatis
765 1303 958 1339 praetextu
979 1292 1144 1326 Thomas
1156 1290 1394 1335 Campanella
1416 1290 1462 1324 de
1482 1289 1568 1324 Mo-

43 1341 422 1390 narchia'Hispanica
447 1342 570 1389 passim
597 1340 700 1378 facit.
728 1342 839 1378 Boecl.
891 1344 940 1378 Se
968 1340 1087 1388 ipsum
1111 1342 1244 1385 aequat
1267 1339 1439 1375 Romulo.
1489 1339 1581 1384 Iam-j

46 1390 108 1427 alii
130 1402 314 1438 utrosque
338 1390 472 1427 fratres
497 1391 662 1428 Romulo
682 1401 723 1427 et
745 1392 863 1427 Remo
884 1399 1169 1438 compararunt,
1194 1400 1232 1424 et
1257 1388 1405 1436 quidem
1429 1387 1567 1434 specia-

46 1439 118 1478 tim
135 1440 296 1476 Colonia
316 1441 407 1490 Iulia
426 1440 726 1489 Caesaraugusta,
754 1452 850 1488 quae
869 1441 955 1477 urbs
975 1440 1128 1476 decreto
1150 1439 1392 1474 decurssonum
1412 1449 1578 1474 numumv

43 1490 241 1538 perculsit,
267 1490 306 1526 in
334 1502 412 1536 quo
436 1491 540 1538 Lupa
560 1490 708 1532 visitur,
735 1491 938 1526 Romulum
960 1501 1000 1527 et
1019 1490 1175 1526 Remum
1202 1487 1357 1528 lael-ans,
1388 1499 1442 1534 ap.
1467 1488 1580 1523 Mus-·

48 1551 148 1589 grai).
171 1551 206 1586 p.
221 1542 303 1582 76„
330 1539 396 1587 qui
411 1565 422 1582 ,
450 1541 618 1581 videtur,
641 1539 789 1588 inquit,
821 1541 995 1588 respicere
1011 1539 1237 1586 Caracallum
1256 1549 1289 1573 et
1312 1538 1460 1577 Getam,
1488 1543 1572 1572 tan-

45 1601 151 1638 quam
170 1590 298 1626 Romae
323 1590 491 1625 alumnos.
541 1588 681 1627 Similis
703 1602 843 1626 numus
866 1590 917 1626 est
937 1590 975 1625 in
994 1589 1217 1635 numophyl.
1241 1587 1402 1635 Reginae
1425 1586 1574 1620 Christi·

46 1651 118 1675 nae
141 1640 237 1677 Tab.
261 1651 319 1683 27.
342 1640 381 1675 in
400 1638 644 1675 Antoninum
665 1652 702 1686 p.
727 1651 808 1683 19t.
859 1637 997 1676 Similis
1017 1649 1167 1686 quoque
1188 1637 1226 1672 in
1243 1636 1454 1682 Philippum
1475 1637 1571 1681 Imp.

47 1697 223 1736 tempore
239 1687 482 1725 saecularium
500 1688 673 1724 ludorum
698 1688 808 1724 cusus
826 1702 883 1736 ap.
905 1691 1030 1736 Beger.
1052 1701 1089 1736 p.
1108 1697 1191 1733 731.
1242 1686 1387 1721 Similes
1404 1685 1512 1721 numi
1528 1685 1572 1720 in

46 1737 291 1775 Antoninum
311 1737 542 1785 quarundam
562 1737 809 1775 Coloniarum
830 1752 887 1786 ap.
905 1738 1082 1775 Vaillant.
1109 1737 1224 1774 Leisn.

72 1844 74 1846 v
151 1798 230 1841 Qui
254 1811 292 1836 et
310 1800 350 1836 in
368 1812 418 1836 m.
437 1800 511 1835 Ms.
526 1801 589 1847 Eg.
611 1797 789 1840 „omittit
807 1798 1002 1844 Ῥωμύλῳ(
1024 1801 1080 1836 vel
1100 1798 1226 1845 potius
1244 1796 1357 1834 scriba
1377 1794 1573 1845 negligen-

50 1848 150 1890 tior,
178 1850 280 1886 unde
304 1848 526 1885 restituimus
549 1848 668 1885 statim
692 1862 713 1886 e
735 1850 796 1890 9.‚
823 1848 888 1896 qui
917 1862 956 1886 et
985 1848 1058 1896 ipse
1089 1846 1257 1888 liberior,
1287 1857 1431 1893 praeter
1461 1856 1572 1892 pron.

49 1902 160 1942 τῆςδε,
180 1912 246 1946 pro
265 1899 417 1939 huiusce,
438 1898 485 1935 cf.
499 1907 529 1943 ζ,
545 1910 602 1938 11.
620 1911 688 1940 11.,
713 1910 867 1946 quoque
887 1899 926 1935 in
939 1904 1033 1939 aar..
1059 1897 1160 1945 quod
1175 1898 1233 1945 ssg.
1247 1895 1347 1941 capit
1359 1907 1426 1941 pro
1438 1894 1491 1937 καὶ
1509 1898 1574 1931 αὖ·

50 1948 133 1990 τὸς,
160 1947 338 1985 intensiva
359 1948 543 1988 notione,
571 1960 639 1995 pro
659 1947 772 1984 etiam
792 1950 905 1991 adeo,
933 1949 981 1984 cf.
1005 1962 1040 1989 2,
1061 1952 1095 1990 6,
1121 1958 1193 1986 12.‚
1222 1944 1286 1980 nifi
1310 1944 1522 1990 particulam
1534 1957 1572 1987 γ.

52 1998 225 2045 expreffit
251 2007 319 2046 per
341 1999 474 2037 etiam,
502 1997 606 2034 sensu
635 1997 839 2044 copulandi
863 2008 901 2032 et
922 1996 1163 2034 transeundi.
1193 2005 1235 2030 ut
1260 2006 1322 2041 per
1350 2003 1459 2040 porro
1483 2005 1516 2034 2,
1543 2005 1575 2033 r,

56 2059 134 2092 15.·,
160 2046 206 2083 cf.
231 2060 266 2094 4.
291 2059 323 2089 ι,
342 2060 399 2093 4.,
423 2059 534 2095 quarn
559 2057 688 2082 contra
708 2047 748 2082 P.
765 2046 946 2084 ¹sumserit
965 2060 1032 2094 pro
1050 2043 1200 2083 causali.
1227 2043 1273 2078 cf.
1295 2057 1327 2085 2,
1349 2053 1381 2089 3,
1401 2054 1458 2085 9.‚
1482 2042 1575 2079 vali·

52 2108 174 2134 turam
195 2097 256 2132 hic
273 2109 395 2145 aeque
412 2110 477 2144 pro
497 2096 628 2144 igitur,
653 2097 692 2132 in
710 2098 896 2132 narrando
916 2108 954 2132 et
973 2093 1270 2133 demonstrando,
1298 2090 1480 2138 exemplis
1503 2103 1576 2138 que

53 2145 321 2188 memorandis,
344 2158 502 2183 tenente
521 2146 691 2191 Stp.Th.
707 2158 742 2191 4,
760 2151 866 2192 1306.
890 2147 930 2182 C.
945 2160 978 2182 e.
1002 2157 1147 2182 tantum
1170 2148 1282 2183 κτιτὴς
1310 2142 1382 2176 hoc
1403 2150 1577 2181 accentu,

55 2195 134 2234 fine
153 2195 352 2240 exempIO,
375 2195 424 2231 cf.
441 2196 483 2231 L.
502 2196 552 2231 N.
563 2197 609 2230 T.
623 2220 634 2237 ,
661 2194 726 2232 sed
746 2195 784 2230 L.
806 2197 892 2231 Ern.
915 2196 1026 2231 etiam
1045 2193 1210 2229 nostrum
1241 2190 1342 2226 fimul
1365 2202 1576 2231 accentum,

55 2257 220 2294 quocum
248 2245 329 2281 solo
348 2245 469 2291 reperi
498 2258 557 2292 ap.
575 2244 688 2293 Hesy.
709 2243 785 2280 sine
802 2245 850 2281 N.
865 2271 875 2287 ‚
905 2244 984 2280 lnd.
1002 2245 1088 2280 Luc.
1107 2241 1222 2277 Diod.
1240 2241 1274 2276 S.
1293 2238 1358 2275 ubi
1383 2250 1421 2275 et
1444 2251 1475 2281 1,
1489 2242 1586 2285 4541

56 2295 82 2334 Ι.
106 2308 139 2332 2.
161 2298 204 2337 ὡς
229 2289 270 2331 ἂν
297 2309 351 2330 ur.
378 2294 527 2339 γεγονῶς
554 2302 615 2336 τῆς
633 2305 736 2333 oron..
763 2306 806 2330 ut
825 2294 924 2329 urbis
950 2293 1062 2329 huius
1081 2291 1241 2328 conditor
1258 2313 1268 2330 ‚
1294 2288 1356 2324 sed
1379 2301 1462 2324 cum
1491 2299 1578 2336 gen.

56 2341 170 2382 τότων
191 2355 250 2389 ap.
267 2344 383 2391 Lyco.
396 2369 407 2385 ‚
432 2354 470 2378 et
490 2356 548 2390 ap.
570 2344 667 2380 Flor.
692 2355 725 2383 ι,
748 2355 781 2385 r,
804 2355 834 2379 1.
858 2343 996 2392 primus
1015 2342 1075 2378 ille
1092 2352 1130 2377 et
1150 2340 1250 2375 urbis
1268 2348 1307 2374 et
1323 2338 1467 2386 imperii
1486 2349 1578 2373 con-

56 2395 161 2431 ditor
185 2394 369 2434 Romulus,
394 2391 441 2427 cf.
463 2393 543 2428 Cic.
567 2392 615 2430 de
640 2393 737 2429 offic.
761 2402 793 2437 3,
817 2404 872 2428 ιο.
895 2405 942 2429 m.
962 2393 1000 2427 in
1028 2403 1066 2426 eo
1091 2401 1198 2438 rege,
1225 2388 1287 2436 qui
1306 2388 1437 2423 urbem
1458 2387 1580 2423 condi-

58 2444 139 2484 dit,
166 2443 230 2477 rel.
253 2441 317 2478 ubi
340 2441 488 2478 caedem
512 2442 609 2478 hanc
633 2442 890 2488 reprehendit.
943 2442 1033 2476 Mox
1053 2441 1114 2486 Bg.
1135 2452 1156 2473 e
1182 2439 1218 2473 P.
1240 2436 1277 2471 in
1304 2447 1336 2469 v.
1365 2435 1439 2479 dm,
1464 2437 1578 2472 etiam

60 2493 101 2530 in
119 2491 262 2528 servato
283 2489 456 2537 particip.
480 2503 545 2538 per
566 2490 788 2527 continuam
809 2482 1036 2529 refrionem,
1062 2486 1123 2523 ubi
1147 2498 1287 2521 comma
1315 2483 1400 2521 sane
1422 2485 1501 2530 post
1523 2490 1579 2523 ἂδ.

63 2542 186 2578 locum
207 2540 335 2581 habet,
361 2539 425 2576 sed
448 2551 486 2576 et
507 2540 661 2588 aliquod
681 2539 761 2586 post
778 2551 811 2573 ν.
831 2539 902 2581 ἧι,
931 2538 953 2574 {i
975 2549 1048 2572 acc.
1071 2533 1260 2583 participii
1280 2546 1347 2580 pro
1376 2535 1443 2571 inf.
1463 2535 1584 2571 suma-

63 2601 148 2631 tur,
170 2601 282 2636 quem
304 2598 428 2625 tamen
457 2601 576 2636 aeque
604 2589 752 2636 ignorat
770 2590 852 2634 Stp.
872 2588 970 2628 Th..
991 2598 1032 2622 ac
1051 2584 1256 2621 restionem
1283 2595 1368 2618 cum
1391 2597 1464 2621 acc.
1485 2585 1582 2632 pers.

61 2651 101 2676 et
120 2637 314 2686 parricip„
335 2637 457 2674 forsan
480 2650 501 2672 e
521 2639 599 2674 Lat.
621 2638 786 2676 duaam.
814 2648 962 2673 tacente
980 2636 1027 2670 G.
1048 2634 1145 2674 Th..
1172 2633 1220 2669 cf.
1246 2632 1351 2680 Virg.
1371 2634 1416 2670 A.
1439 2648 1475 2680 9,
1496 2640 1580 2671 622.

64 2688 158 2724 talia
187 2686 380 2722 iactantem
407 2688 512 2723 dim>-
532 2701 574 2722 ac
593 2688 677 2722 dira
705 2697 900 2721 canentem
926 2687 1006 2720 Non
1028 2682 1115 2719 tulit
1137 2681 1332 2731 Ascanius,
1360 2682 1403 2718 it.
1431 2695 1483 2725 ιο,
1501 2693 1582 2728 578.

62 2738 162 2773 haud
173 2737 258 2771 tulit
279 2737 425 2772 Aeneas
446 2745 548 2772 tanto
567 2735 919 2782 fervorefurentes,
946 2733 987 2768 it.
1013 2745 1068 2773 12,
1092 2741 1173 2777 371.
1195 2743 1261 2766 non
1284 2729 1373 2768 tulit
1393 2732 1583 2782 instantem

61 2788 231 2835 Phegeus
250 2785 381 2825 animis
401 2797 474 2835 que
488 2784 734 2834 frementem,
756 2782 822 2821 ubi
841 2781 999 2832 oppreffi
1027 2781 1115 2820 sunt
1144 2792 1216 2817 acc.
1237 2779 1330 2829 perfi
1355 2790 1464 2829 pron.
1485 2783 1585 2825 illum
