1717 3082
40 100 290 167 LmERn.
323 98 450 144 CAP.
475 97 572 142 xv.
611 98 664 143 A.
689 96 745 141 v.
770 93 961 152 0946·
999 94 1359 151 CHR.N.-193·.
1403 104 1510 150 459

0 218 22 269 ὁ,
37 209 262 284 22333041‘
292 212 556 278 σοφίσματι
579 218 750 280 veona·
787 225 861 263 tur
891 214 1032 262 voluit
1054 217 1240 262 Severus
1269 210 1361 261 astu
1389 230 1514 280 prae·

77 356 122 402 k)
146 355 228 389 Mss.
247 364 316 388 tres
335 358 364 386 ἐν
382 362 454 392 σοφ.
469 376 478 390 ,
506 353 560 386 sed
579 353 680 386 tacite
700 352 773 396 post
790 357 859 389 2:213.
878 352 1011 383 nullum
1031 362 1183 391 comma,
1217 351 1307 394 quod
1328 350 1372 383 ibi
1393 350 1460 383 fuit
1477 350 1514 383 in

0 406 37 436 Α.
55 411 90 434 et
109 402 171 435 al„
205 411 268 433 nec
285 409 395 432 tamen
418 399 488 441 post
504 412 556 442 πρ.
574 398 699 436 ullibi,
722 408 756 432 at
775 399 878 430 colon
901 397 972 440 post
991 401 1046 430 οἰκ.
1067 401 1130 432 Ms.
1143 397 1200 439 ng.
1218 398 1320 430 etiam
1340 398 1373 429 in
1386 399 1457 438 δερ.
1479 404 1516 429 οε

0 447 77 485 rel„
99 456 169 479 non
187 447 271 479 item
290 446 325 478 in
341 450 382 478 A.
402 455 436 477 et
455 445 522 484 aL,
551 456 587 476 v.
605 445 653 479 N.

0 559 74 598 ind.
95 558 204 595 huius
225 558 262 595 in
284 570 405 606 praep.
427 562 463 595 ἐκ
480 562 627 598 παίδων,
657 568 722 604 per
742 569 904 593 errorem
929 556 1158 604 operarum)
1178 555 1218 592 it.
1233 554 1298 593 alia
1315 560 1350 593 ἐκ
1369 555 1518 599 malou.

0 621 90 659 quae
111 609 185 645 sola
214 607 364 657 cognita
386 608 465 654 Stp.
488 607 561 642 Th.
587 616 619 654 3,
642 618 696 651 ις.
720 608 762 644 C.
784 620 856 648 m.‚
891 606 939 643 cf.
957 605 1039 643 Ind.
1058 608 1155 643 Xen.
1175 607 1231 642 M.
1252 608 1287 641 S.
1308 616 1346 641 et
1366 605 1406 641 Ζ.
1431 605 1521 652 Cyr.

0 672 31 695 v.
47 662 82 696 ἐκ
104 656 148 700 ἰ.,
181 658 244 694 ubi
268 656 366 693 deest
385 658 465 704 Stp.
487 657 615 699 locus,
652 669 725 694 nec
749 656 840 693 mihi
866 666 1052 703 repertus,
1094 667 1136 693 ut
1164 667 1235 693 nec
1262 656 1351 691 Lex.
1375 653 1449 691 Bas.
1479 657 1517 691 ἐκ

0 716 70 754 νέαν
85 710 208 746 παίδων
228 721 249 744 e
266 708 364 744 Xen.
377 732 388 750 ‚
416 705 519 754 quod
530 719 586 753 ap.
601 708 678 752 Sep.
693 708 769 743 Th.
784 717 817 752 3,
833 717 863 750 5.
880 708 922 741 D.
935 718 1023 742 e.ex
1036 705 1126 742 Plat.
1139 731 1149 748 ,
1175 704 1235 741 cui
1249 705 1329 741 add.
1345 710 1380 742 ἐκ
1395 711 1518 749 μικρῶν

23 760 130 806 quum
150 758 332 804 ap-Dem.
355 765 456 803 1351,
480 765 509 802 3.
531 755 728 796 1ine1nd.‚
754 756 811 792 cui
835 755 985 804 quidem
1002 755 1276 803 postr.vocihic
1289 752 1519 801 potiffimum

17 819 122 845 ocum
141 806 377 843 concesserim
391 832 402 848 ,
430 808 480 843 ob
502 807 644 843 causam
668 806 800 843 dieram
814 830 824 846 ‚
865 818 949 852 prae
969 806 1093 842 Leisn.
1107 831 1118 848 ‚
1145 805 1248 853 quod
1270 803 1305 839 in
1328 816 1402 840 una
1421 805 1439 839 δ
1457 801 1520 838 lit-

20 868 76 894 era
97 856 158 894 vix
180 858 295 892 latent
314 856 407 892 duae
425 856 526 904 vulg.
549 855 718 893 leffionis
741 873 776 902 ες
791 877 801 894 ,
843 855 885 892 it.
911 868 994 902 prae
1014 858 1156 897 παιδὸς,
1195 853 1279 901 quia
1301 854 1372 891 hoc
1399 850 1520 900 potest

25 906 71 945 ss'e
86 905 196 955 glossa
215 905 313 942 iuius
333 908 478 944 παιδίων.
533 908 644 942 Certe
666 907 798 942 horum
828 905 981 953 aliquod
1010 903 1139 941 melius
1167 903 1350 942 convenit
1377 914 1462 938 cum
1485 914 1521 937 v.

7 961 18 973 ’
64 970 139 1001 re„
175 955 287 992 etiam
311 955 506 1006 habuimus,
543 955 646 1001 quod
670 956 767 1001 vulg.
788 961 825 993 ἐν,
844 970 967 1001 ming.
989 954 1086 991 solet
1107 953 1202 995 dici,
1229 965 1270 990 ut
1290 953 1358 990 alia
1380 951 1523 993 Nostri,

28 1032 37 1041 .
56 1017 89 1043 c;
102 1009 138 1043 ἐκ
156 1012 323 1052 §tymbvm
341 1009 376 1041 εὐ
400 1006 560 1050 γεγονώς,
586 1018 625 1042 et
644 1003 772 1052 ἔνδοξος
789 1005 858 1043 ἐπεὶ
879 1001 1050 1049 nemim-a
1072 1002 1200 1042 ἄνωθεν
1220 1007 1328 1050 beza,
1354 1014 1435 1039 non
1448 1001 1524 1037 hoe

19 1053 125 1096 ensu,
161 1065 204 1091 ut
225 1068 290 1102 per
311 1055 468 1091 maiores
483 1067 521 1091 et
539 1067 650 1103 opera
671 1055 852 1091 maiorum
866 1055 999 1101 aliquis
1019 1054 1152 1090 habeat
1164 1053 1267 1100 quid,
1296 1063 1359 1088 aut
1379 1048 1523 1100 aliquid

28 1115 83 1146 at,
109 1103 169 1140 sed
190 1103 236 1140 de
255 1104 429 1144 termino,
467 1117 578 1152 quem
599 1105 755 1145 dicunt,
788 1118 812 1141 a
833 1116 920 1151 quem
957 1103 1058 1139 unde
1080 1103 1141 1140 Sb.
1162 1102 1307 1139 addidit
1333 1103 1409 1139 Lat.
1430 1097 1523 1137 illud

10 1154 102 1195 'nde3
137 1165 213 1201 quo
236 1152 339 1191 sensu
362 1166 441 1189 non
463 1154 605 1191 dicatur
623 1152 757 1202 aliquis
779 1153 868 1190 inde
888 1166 906 1189 a
928 1152 1131 1190 maioribus
1151 1153 1331 1189 educatus
1352 1150 1391 1186 in
1412 1148 1520 1186 divit.

26 1213 42 1239 t
61 1202 227 1246 deliciis,
266 1215 327 1239 aut
348 1202 393 1238 iis
413 1203 604 1246 adsuerus;
639 1204 703 1241 ersi
725 1203 820 1240 reste
839 1215 970 1240 contra
990 1201 1157 1238 dicemus
1178 1203 1339 1247 aliquem
1363 1199 1523 1236 divitem

25 1262 67 1294 ut
84 1265 284 1301 pauperem
307 1252 396 1290 inde
415 1266 433 1288 a
455 1253 677 1296 maioribus,
706 1252 817 1290 etiam
839 1252 1039 1290 delicatum
1059 1265 1098 1288 et
1120 1252 1365 1292 luxuriosum,
1393 1247 1524 1297 quita-

19 1299 47 1338 is
63 1301 177 1339 fuerit
193 1315 266 1339 una
288 1315 373 1339 cum
399 1300 484 1340 inis.
543 1305 742 1341 Caeterum
762 1304 878 1350 Capit.
903 1314 932 1340 c.
955 1316 988 1349 4.
1013 1307 1142 1347 p.689.
1162 1314 1207 1337 m.
1237 1301 1384 1347 prodit,
1420 1297 1526 1336 Albi-

30 1363 90 1389 um
113 1352 203 1390 bunc
222 1364 349 1390 natum
369 1354 580 1402 parentibus
598 1354 754 1402 saulis,
780 1364 818 1389 et
837 1364 989 1400 quoque
1011 1350 1052 1388 in
1078 1351 1272 1388 meliorem
1301 1360 1446 1399 partem
1476 1347 1527 1384 de

29 1400 169 1439 iusdem
193 1402 353 1449 pueritia
375 1413 415 1438 et
435 1402 678 1440 adolescentia
699 1416 728 1439 c.
746 1414 775 1445 5.
791 1402 840 1451 sq.
861 1415 895 1449 p.
915 1406 1000 1446 690.
1023 1412 1062 1438 et
1077 1405 1159 1448 693.
1180 1413 1230 1437 m.

46 1454 252 1497 σοφίσματι)
282 1452 370 1488 Non
391 1452 507 1499 magis
531 1454 649 1500 probo
670 1452 822 1489 Codicis
841 1458 872 1490 ἐν
891 1462 970 1498 coep.
992 1453 1127 1487 Stroth.
1181 1450 1298 1493 Quod
1310 1445 1527 1487 dixerisess'e

53 1499 63 1536 Ι
83 1500 299 1538 Οίοίῖὶιῑοτίε
317 1525 328 1543 ,
352 1503 411 1537 vel
430 1501 639 1539 Herodiani
659 1501 770 1550 ipsius
784 1526 794 1544 ,
823 1514 864 1538 ut
882 1501 1045 1538 varietur
1067 1513 1151 1536 cum
1174 1514 1204 1542 2,
1223 1511 1277 1547 13.
1292 1510 1349 1537 πε).
1363 1524 1373 1540 ,
1402 1498 1526 1535 addita

33 1561 153 1596 ηερ,
180 1561 298 1598 quae,
328 1563 396 1598 pro
421 1555 496 1592 διὰ,
531 1557 621 1596 μετὰ
640 1562 677 1587 et
694 1552 776 1593 σὼ,
810 1552 848 1587 in
870 1551 1031 1588 notione
1058 1550 1317 1593 instrumenti,
1357 1543 1526 1595 praesidii

29 1599 195 1640 eimedi.
229 1598 338 1636 etiam
360 1598 434 1636 fine
459 1601 703 1642 Hebraismo‚
731 1600 820 1638 alibi
843 1601 989 1636 rrafiata
1011 1601 1082 1640 est,
1119 1610 1161 1636 ut
1188 1598 1368 1637 exciderit
1390 1598 1438 1632 ob
1466 1608 1526 1644 pr.

27 1664 65 1689 ς,
98 1647 121 1682 fi
143 1647 193 1683 est
211 1660 230 1684 a
248 1649 406 1690 Nostro,
431 1649 495 1697 qui
514 1649 564 1686 ita
582 1649 767 1697 scripserit
788 1651 833 1686 ad
854 1650 1000 1698 anaiog.
1023 1660 1172 1685 tantum
1186 1673 1196 1689 ‚
1220 1662 1290 1684 nec
1310 1644 1531 1694 praebenti-

36 1708 75 1733 υς
96 1694 202 1734 lndd.
228 1708 262 1732 v.
292 1702 351 1735 οἰκ.
380 1696 418 1733 in
450 1698 547 1733 med.
578 1711 661 1734 cum
695 1711 819 1747 praep.
841 1699 926 1739 ina,
967 1699 1029 1735 sed
1061 1700 1216 1735 alterum
1241 1699 1300 1734 Rs.
1321 1698 1388 1732 Or.
1418 1697 1464 1733 V.
1493 1707 1530 1741 4.

36 1750 190 1793 ςολαβεῖν
207 1750 239 1784 ἐν
259 1752 334 1786 ταῖς
354 1750 521 1788 swalma,-
542 1747 629 1790 ἦμῶν
651 1745 812 1788 ἅπαντα,
839 1747 914 1784 stne
937 1748 1001 1784 Vs.
1021 1747 1060 1783 it.
1084 1760 1118 1782 v.
1138 1751 1170 1786 ἐν
1194 1760 1228 1793 p.
1245 1755 1348 1792 1038.
1367 1757 1411 1781 ex
1432 1745 1481 1780 V.
1495 1754 1531 1792 3.

36 1821 44 1830 .
59 1805 136 1842 340.
159 1795 182 1830 l.
205 1804 234 1839 3.
249 1818 262 1836 ,
298 1795 360 1831 ubi
382 1806 420 1830 et
441 1796 490 1833 N.
512 1796 550 1830 in
573 1799 667 1832 hanc
688 1808 830 1843 partem
849 1808 999 1839 tacent,
1038 1796 1079 1831 it.
1097 1796 1137 1831 L.
1153 1795 1255 1832 N.T.
1275 1808 1317 1831 cx
1338 1794 1422 1830 Gal.
1437 1798 1472 1835 6,
1488 1806 1533 1836 r.,

15 1844 72 1881 abi
97 1856 130 1878 v.
151 1846 269 1891 lntrp.
294 1854 332 1879 et
350 1844 470 1892 Kypk.
498 1857 530 1886 2,
551 1854 632 1887 289.
651 1859 722 1887 m.‚
756 1847 820 1891 qui
849 1857 887 1881 ct
912 1845 1023 1882 habet
1056 1847 1181 1881 locum
1211 1858 1295 1881 cum
1316 1843 1383 1878 abi.
1412 1843 1534 1886 nudo,

39 1893 128 1930 ualis
150 1893 208 1929 hic
231 1894 269 1930 in
288 1894 388 1941 vulg.
405 1894 483 1930 left.
496 1919 506 1935 ‚
533 1895 597 1930 ubi
609 1893 730 1930 Leim.
747 1896 792 1930 ad
804 1896 878 1931 Ox.
899 1906 1049 1931 notarat
1074 1895 1129 1934 „f-
1148 1902 1302 1941 xeno-AM
1333 1905 1425 1940 quae
1439 1905 1533 1929 con-

17 1942 102 1980 rusto
127 1941 210 1979 sane
229 1942 315 1979 alias
334 1943 519 1993 contigit,
555 1942 603 1979 cf.
625 1944 686 1980 Rs.
708 1945 772 1980 Or.
793 1944 851 1980 1.1.
873 1956 911 1980 et
931 1957 964 1991 ρ.
981 1949 1061 1988 ςῑό.
1083 1957 1114 1980 e.
1143 1944 1184 1982 it.
1204 1944 1308 1981 Harl.
1328 1944 1439 1980 Dem.
1462 1954 1531 1989 pro

46 2004 98 2028 or.
120 2004 247 2038 p.459.
269 1992 318 2028 N.
334 2004 413 2036 ¹9··
439 2005 519 2029 non
542 2006 630 2028 vero
648 1994 710 2029 hic
733 1994 928 2042 cogitanda
948 1993 1009 2037 est,
1033 1994 1116 2041 quia
1129 1991 1372 2030 commodum
1387 1991 1534 2029 sensum

39 2043 125 2078 abet
152 2043 276 2089 vulg„
317 2053 360 2079 ut
386 2043 543 2078 Severus
571 2053 659 2078 ante
690 2042 872 2080 studuerit
899 2041 963 2080 fibi
995 2043 1173 2080 Albinum
1205 2044 1367 2080 amicum
1395 2040 1535 2083 facere.

38 2103 119 2129 uam
140 2089 179 2126 in
202 2091 398 2127 Orientem
417 2092 534 2128 abiret
551 2091 722 2129 adversus
740 2093 921 2141 Nigrum,
949 2106 1024 2141 quo
1044 2093 1090 2130 de
1113 2093 1192 2140 post
1212 2105 1289 2140 cap.
1303 2104 1359 2141 pr.
1379 2091 1410 2138 §.
1431 2101 1488 2127 ιο.
1499 2103 1534 2131 e.

20 2151 189 2187 ·oeperat
208 2139 342 2178 Noster
360 2142 561 2189 agerevhoc
578 2154 656 2186 cap.
675 2139 772 2187 §.1.;
808 2142 1060 2192 negligentius
1079 2142 1141 2179 hic
1168 2142 1337 2179 versante
1358 2141 1395 2177 P.
1410 2165 1421 2182 ,
1452 2151 1534 2177 non

30 2200 105 2226 tem
122 2190 230 2231 Sch...
264 2189 328 2238 qui
359 2190 494 2238 partim
521 2203 565 2226 ex
597 2192 728 2228 eodem
749 2191 788 2228 in
817 2207 880 2232 »σι
906 2191 982 2228 as'tu
1002 2203 1195 2241 occupare,
1229 2209 1288 2237 πρ.
1308 2199 1536 2237 occupatum

27 2237 88 2288 flu
107 2237 170 2275 fibi
187 2240 414 2287 adiungere«
443 2241 514 2277 dux
534 2239 633 2276 forte
652 2243 714 2290 Bg.
732 2240 778 2276 ad
797 2240 964 2289 particip.
980 2242 1062 2288 paff.
1077 2267 1089 2284 ‚
1114 2242 1176 2290 qui
1195 2244 1261 2279 rel.
1284 2255 1303 2277 e
1317 2241 1535 2288 P-quoque,

22 2287 120 2326 “nius
138 2288 218 2325 Lat.
239 2289 277 2324 in
299 2288 401 2325 subst.
428 2302 485 2334 ap.
508 2290 556 2326 G.
569 2289 644 2325 Tb.
662 2302 745 2326 cum
768 2291 835 2328 Gr.
859 2292 924 2332 aL,
951 2292 1010 2328 sed
1032 2292 1077 2327 ad
1099 2306 1132 2327 v.
1155 2304 1239 2329 cum
1254 2292 1320 2327 Gr.
1343 2301 1404 2331 n.;
1439 2300 1536 2327 neu·

52 2349 116 2374 um
135 2347 294 2375 tenente
308 2338 389 2386 Srp.
408 2339 503 2380 Th.;
534 2338 597 2376 hic
613 2350 657 2375 ut
679 2339 798 2377 servet
817 2353 941 2386 praep.
966 2348 1031 2387 πρὸ
1052 2341 1255 2378 notionem
1276 2339 1373 2378 suam
1387 2349 1535 2385 tempo-

23 2385 88 2430 ·iss
114 2397 159 2424 ut
182 2388 287 2433 ἥξω,
310 2397 367 2435 23.
381 2400 410 2423 e.
424 2413 436 2430 ,
460 2387 645 2436 poffitque
667 2400 788 2426 torum
809 2402 842 2426 v.
862 2389 966 2427 reddi
989 2403 1054 2437 per
1076 2390 1158 2426 adv.
1175 2391 1279 2439 prius
1290 2387 1315 2427 s.
1330 2400 1394 2435 per
1412 2399 1540 2436 praep.

82 2449 121 2493 e..
146 2436 173 2472 i.
192 2448 300 2473 antea
314 2461 326 2478 ‚
362 2436 410 2473 cf.
429 2437 510 2474 Ind.
524 2438 620 2474 Xen.
639 2439 724 2496 Cyr.
745 2440 808 2476 Rs.
830 2440 937 2476 Polb.
961 2441 1027 2477 Gs.
1048 2440 1137 2476 Chr.
1155 2450 1240 2477 ante
1258 2437 1392 2478 omnia,
1431 2437 1537 2483 quod

40 2495 57 2522 t
73 2485 133 2523 hnc
150 2485 412 2528 commodum,
438 2485 502 2523 sed
520 2497 604 2523 cum
625 2489 741 2535 puori
760 2499 885 2526 tamen
906 2489 983 2537 syn.
996 2515 1007 2532 ,
1034 2489 1125 2526 Luc.
1146 2488 1262 2525 Diod.
1276 2490 1334 2526 Rs.
1357 2487 1425 2522 Or.
1440 2487 1485 2522 V.
1499 2500 1536 2533 4.

44 2559 74 2577 .,
105 2535 167 2572 ubi
189 2534 290 2572 fimul
310 2547 394 2573 cum
413 2532 600 2583 πρὸτεςον,
634 2551 713 2586 quo
732 2537 867 2576 deinde
888 2539 945 2575 vis
967 2551 1090 2587 praep.
1111 2539 1151 2576 in
1171 2552 1207 2574 v.
1233 2537 1353 2585 perit.
1390 2546 1432 2572 ut
1455 2549 1538 2579 ma·-

47 2595 107 2622 ent
132 2597 199 2631 pro
224 2583 362 2632 simpl..
397 2586 527 2625 Deru„
564 2586 625 2624 cui
647 2587 730 2624 add.
756 2598 861 2635 1031,
885 2599 938 2632 15.
965 2597 1050 2634 234,
1077 2600 1130 2634 ¹4·
1159 2591 1242 2632 236,
1263 2597 1318 2630 8..
1344 2584 1406 2622 sed
1425 2584 1450 2621 Ι.
1472 2597 1540 2624 20.

43 2642 105 2670 um
123 2645 179 2681 pr.
198 2633 263 2680 πρὸ
285 2632 420 2671 diserta
441 2634 584 2676 adhuc,
618 2649 714 2683 quae
733 2647 771 2673 et
790 2637 866 2686 ipsa
888 2636 1069 2682 relinquit
1089 2650 1126 2672 v.
1145 2635 1264 2685 fimpl.
1278 2662 1289 2680 ‚
1321 2647 1402 2674 tum
1428 2635 1465 2672 L.
1486 2635 1535 2674 N.

57 2706 69 2717 .
84 2693 169 2720 cum
190 2682 316 2731 Kypk.
338 2683 388 2719 T.
405 2696 435 2722 1.
456 2685 565 2721 Krbs.
585 2696 623 2721 et
643 2686 806 2728 Loem.,
833 2686 875 2724 it.
891 2687 1016 2724 Schoi.
1039 2687 1160 2725 Thuc.
1178 2687 1257 2725 lnd.
1279 2685 1458 2723 cumAbr.
1472 2685 1535 2722 Dl.

47 2740 65 2768 t
79 2731 195 2783 Hesy.
212 2745 249 2776 2,
272 2743 377 2779 10²7·
398 2746 447 2772 m.
460 2758 473 2777 ,
500 2734 665 2774 variante
689 2735 824 2775 Nostro
845 2737 887 2774 in
905 2749 941 2774 v.
960 2736 1017 2782 159.
1034 2747 1119 2775 cum
1132 2749 1166 2781 ε,
1181 2748 1242 2786 14,
1261 2748 1318 2774 ιι.
1335 2734 1377 2774 in
1390 2746 1539 2786 tempo-
