1722 3086
111 145 207 191 ²44
280 128 445 176 LIBER
468 129 518 173 11.
557 126 680 174 CAP.
697 128 809 173 VIII.
852 129 906 175 Α.
928 131 982 175 V.
1006 129 1054 176 C.
1078 131 1189 189 946.
1220 131 1356 178 CHR.
1377 133 1440 179 N.
1466 148 1572 194 ¹93·

115 267 212 312 »σοι
246 242 317 308 κα.)
340 241 474 314 vaga*
510 238 754 311 μηδενῖπω
791 243 862 306 βε·
883 247 1104 318 fluffuam
1125 258 1164 300 et
1187 250 1308 318 apua*
1331 253 1526 304 neminem
1557 255 1638 304 ad-

114 323 283 390 „ssac'aeg
308 315 516 391 ἱὸςυμὲνη.
595 319 698 370 ὅθεν
723 321 820 388 ἡμῖν
838 320 859 355 b
902 343 945 384 7.
986 325 1508 395 lzucfirmiterfundatum.
1537 330 1636 381 Un-

116 396 273 465 „acqui
288 396 859 468 τῆςέπίχειξῆο-Ξωςοίσφω-
896 400 945 451 de
998 402 1119 451 nohis
1165 404 1442 466 aggrediendi
1468 404 1637 475 securi-

113 476 216 541 ,,λές
238 474 288 525 ἔκ
307 496 354 524 τε
376 482 392 500 ⁶
413 477 486 531 τῆς
509 476 591 523 τῶν
606 472 858 523 καλούντων
895 485 960 527 tas
992 487 1079 528 tam
1118 495 1172 527 ex
1209 480 1528 548 implorantium
1562 499 1638 531 vo-

113 551 347 621 ,,γνώμης,
386 549 458 616 καὶ
491 555 539 601 ἐκ
575 551 653 599 τοῦ
688 546 860 616 μηδένα
894 553 1051 604 Ιιιητιιΐε
1071 595 1086 620 ,
1132 573 1261 624 quam
1292 574 1346 605 ex
1385 574 1466 623 ev,
1515 557 1638 628 quod

202 687 246 726 b)
269 687 327 720 Al.
344 689 421 725 ὑμῖν.
444 687 548 719 Leisn.
577 691 629 725 ἧμ.
649 685 682 718 in
701 677 840 721 Ms.'1xa.
867 686 904 718 it.
925 686 1002 720 edd.
1017 689 1057 722 A.
1072 688 1138 725 a1.,
1164 688 1266 720 etiam
1283 689 1338 721 Sb.
1351 710 1363 727 ,
1387 698 1421 721 at
1439 691 1489 727 ΰμ.
1509 689 1543 723 in
1565 689 1636 732 Stp.

110 733 175 767 tel.
196 743 230 764 et
251 733 353 764 tacite
372 734 454 765 Mss.
473 733 534 764 Vc.
552 743 588 764 et
607 730 685 769 Vi„
709 730 801 763 v.N.
873 736 905 771 c)
933 733 1064 769 MS.Ba.
1085 737 1119 766 ἐκ
1135 738 1187 766 τοῦ
1206 739 1258 771 τῆς
1273 742 1306 767 λ.
1325 733 1500 775 mendose,
1524 745 1563 769 ut
1579 738 1637 769 τῦυ

109 779 263 811 omissum
283 778 315 809 in
337 779 416 813 B.2.
438 780 473 811 L.
494 777 619 811 et‘Pat.

159 893 285 940 ἱδρυμ.)
313 903 438 939 neque
467 889 643 938 cuiquam
661 889 818 927 firmiter
839 890 1033 933 innixum,
1065 903 1189 940 neque
1216 905 1235 928 a
1256 903 1447 941 quoquam
1477 890 1636 931 firmiter

108 942 365 980 sustentatum.
414 943 606 986 ἱδρυθῆναι,
635 953 679 978 ut
698 939 932 989 Lansedere,
962 943 1277 988 perpetuitatem,
1304 940 1537 985 firmitatem,
1563 956 1634 979 no·

108 1003 174 1028 tat.
227 989 287 1028 Sic
311 991 404 1028 Plin.
426 991 512 1026 Pan.
536 1002 591 1033 10,
611 992 681 1036 (6.)
704 1004 806 1038 quum
820 992 950 1027 Nerva
969 992 1104 1027 abunde
1123 999 1290 1039 expertus
1310 992 1402 1041 cjffi‘t,
1427 1004 1537 1040 quam
1551 994 1634 1029 bene

107 1041 272 1078 humeris
293 1042 366 1077 tuis
389 1039 533 1076 sederet
550 1040 750 1088 imperium,
782 1041 844 1075 i.e.
870 1052 978 1087 quam
995 1041 1090 1077 bene
1109 1040 1270 1077 humeris·
1295 1041 1368 1078 tuis
1390 1042 1632 1084 inniteretur.

107 1102 218 1138 quam
239 1091 335 1126 bene
359 1103 377 1125 a
397 1101 434 1125 te
454 1090 726 1125 sustentaretur.
781 1089 935 1125 Herodi.
961 1099 994 1135 3,
1019 1101 1074 1133 12,
1092 1102 1145 1134 15.
1167 1101 1226 1133 τῆς
1246 1096 1426 1135 βασιλείοις
1444 1094 1632 1138 ἱδρυμένης,

105 1139 254 1178 firmato
275 1139 433 1186 irnperio
452 1149 490 1175 et
514 1138 762 1174 constabilito.
792 1140 904 1174 Leisn.

162 1204 177 1206 r
200 1189 333 1226 Noster
351 1188 391 1224 in
413 1188 654 1235 metaphora,
691 1199 824 1235 coepta
853 1202 872 1223 e
897 1187 1046 1235 navigio
1070 1185 1110 1223 in
1139 1188 1228 1225 mari
1254 1201 1317 1235 per
1337 1202 1440 1232 aaa„
1477 1189 1634 1236 persistit

104 1253 190 1277 cum
215 1240 301 1279 rel„
329 1239 517 1278 innuens,
554 1249 665 1285 tropo
692 1246 861 1279 remoto,
896 1238 1118 1286 dignitatem
1137 1238 1394 1284 imperatoris,
1433 1240 1512 1286 post
1533 1241 1634 1275 Mar-

103 1303 188 1327 cum
211 1289 385 1325 triburam
410 1286 481 1323 iam
505 1286 624 1323 tribus
646 1285 725 1323 aliis
746 1286 947 1333 deinceps,
987 1299 1111 1335 neque
1133 1287 1172 1323 in
1193 1288 1429 1329 Commodo,
1455 1288 1631 1336 nequein

104 1339 300 1378 Pertinace
318 1337 458 1374 diutius
489 1334 651 1372 manfiffe
673 1349 713 1372 ac
734 1348 840 1379 tuto,
883 1348 1008 1383 neque
1035 1337 1074 1372 in
1103 1336 1271 1376 Iuliano,
1310 1338 1418 1372 huius
1448 1338 1631 1384 temporis

101 1391 350 1435 imperatore,
385 1386 448 1422 diu
469 1385 550 1422 fore
569 1398 609 1421 ac
632 1398 838 1433 perpetum
872 1386 983 1422 ubil).
999 1385 1202 1422 liberiorin
1215 1386 1342 1422 addito
1357 1389 1399 1423 ad
1411 1391 1483 1434 ἀρχ
1519 1399 1628 1434 pron.

103 1438 235 1489 ipsum,
270 1448 309 1473 et
336 1438 416 1474 adv.
447 1435 632 1483 temporis
660 1436 772 1471 adhuc
791 1438 834 1471 ad
858 1448 958 1476 can,
992 1435 1081 1472 dum
1112 1436 1149 1473 id
1173 1439 1234 1484 ssg.
1256 1435 1388 1472 rectius
1414 1439 1534 1473 1ervat
1559 1436 1626 1473 suo

103 1490 191 1526 loco
214 1486 292 1534 post
313 1496 456 1534 negat,
486 1485 532 1522 cf.
561 1497 590 1526 ι,
612 1498 644 1530 9,
670 1498 722 1520 21.
737 1509 746 1524 ‚
774 1485 836 1520 ubi
860 1497 898 1521 et
918 1485 1006 1521 stare
1025 1485 1120 1522 solet
1132 1487 1211 1523 Lat.
1232 1488 1312 1521 dum
1333 1485 1432 1534 syn„
1459 1487 1534 1522 aG.
1547 1485 1622 1522 Th.

105 1550 172 1587 pei·
192 1538 256 1585 Bg.
284 1537 530 1583 explicatum;
568 1537 640 1570 huc
662 1534 846 1581 speffinte
866 1535 946 1580 Stp.
971 1535 1046 1570 Th.
1070 1545 1216 1572 tantum
1236 1534 1283 1570 lic
1306 1545 1338 1580 3,
1361 1546 1443 1582 739.
1457 1536 1498 1571 C.
1521 1546 1628 1575 „me-

104 1587 204 1634 taph.
227 1590 261 1623 ά.
281 1591 476 1623 σαλεύουσαι
495 1596 553 1631 ap.
575 1585 752 1620 Herodi..
789 1583 891 1631 quod
922 1583 1047 1619 veluti·
1071 1596 1264 1631 exponens
1294 1584 1489 1633 subiungit
1514 1583 1568 1626 κο.)
1587 1601 1627 1612 -·

102 1641 168 1684 ²3?-
188 1635 282 1679 (fine
308 1636 370 1670 Vs.
386 1660 396 1677 ,
420 1633 481 1669 sed
507 1645 538 1674 1,
562 1645 664 1678 1092.
688 1635 771 1669 Re.
796 1632 925 1668 omiiso
948 1632 1000 1670 πα)
1020 1632 1102 1677 sub)
1120 1637 1161 1669 ἱδ.
1183 1632 1311 1669 firmor
1329 1647 1367 1671 et
1387 1633 1483 1681 quali
1505 1632 1629 1682 infir-

102 1701 162 1724 ma
181 1684 265 1722 sede
284 1685 459 1720 collam-a
485 1695 568 1719 curn
590 1683 651 1724 P.,
689 1696 709 1719 e
729 1694 803 1728 quo
835 1682 954 1718 veluti
984 1683 1183 1718 notionem
1207 1682 1456 1723 constituens,
1496 1693 1628 1731 peccat

103 1737 175 1777 fic,
212 1736 312 1782 quod
336 1731 584 1777 secundariam
608 1732 808 1768 notionem
828 1729 910 1779 figit
939 1732 977 1767 in
1000 1731 1077 1779 ipso
1105 1733 1240 1773 verbo,
1278 1744 1372 1779 quae
1395 1732 1546 1769 demum
1574 1732 1627 1769 est

102 1787 144 1824 in
167 1784 300 1822 diserte
320 1783 448 1820 addito
468 1782 549 1817 adv.
571 1788 643 1828 βεβ.
665 1781 744 1828 (ubi
765 1781 848 1817 Sch.
877 1779 1063 1821 „firmiter
1085 1781 1232 1817 munire
1255 1780 1500 1828 imperiunffl)
1525 1793 1625 1822 cum.

101 1847 214 1882 tropo
235 1844 406 1873 remoto,
434 1831 528 1868 nihil
549 1831 610 1867 hic
630 1830 690 1873 lit,
718 1843 829 1876 quam
849 1832 911 1880 ejffi’
929 1841 968 1867 et
987 1832 1164 1867 traditum
1184 1828 1264 1878 ςζῖἐ,
1294 1835 1389 1876 (non
1411 1831 1627 1878 explicante

102 1886 151 1922 G.
172 1884 243 1919 Th.
272 1882 473 1924 formulam
494 1883 554 1930 Eg.
578 1882 660 1925 imp.
676 1881 854 1926 —fttna'.)
874 1893 916 1917 ut
935 1880 972 1916 in
995 1892 1028 1915 v,
1051 1893 1130 1918 cm..
1153 1891 1297 1916 tantum
1311 1879 1402 1915 inest
1420 1880 1531 1916 notio
1545 1892 1626 1916 mo.

99 1946 164 1973 tus
184 1933 208 1972 s.
230 1925 473 1973 mutationis,
508 1943 584 1978 quo
601 1927 636 1967 ν’.
659 1930 793 1968 Noster
817 1943 860 1966 ex
879 1931 1023 1978 analog.
1043 1929 1191 1967 variarit
1209 1941 1293 1966 eum
1319 1942 1349 1971 1,
1370 1943 1408 1976 4,
1433 1942 1462 1966 1.
1483 1946 1624 1975 aunam..

100 1985 198 2022 nihil
223 1983 369 2019 ferente
388 1982 435 2018 G.
455 1981 530 2016 Th.
551 1981 590 2017 in
614 1982 698 2028 Bg„
731 1993 840 2027 quain
862 1980 927 2015 Gr.
950 1993 987 2015 n.

155 2030 233 2071 ὅθεν
253 2032 346 2076 ὑμῖν)
374 2031 483 2079 Vulg.
504 2029 578 2075 ἁμῖν
596 2031 703 2066 male.
722 2031 838 2066 Leisn.
864 2030 907 2065 ad
922 2042 967 2068 m.
980 2029 1055 2064 Ms.
1071 2030 1133 2077 ssg.
1147 2054 1157 2070 ,
1180 2027 1245 2077 qui
1266 2028 1363 2064 clare
1377 2028 1517 2076 primae
1528 2028 1622 2076 pers.

103 2095 320 2133 pronomen
350 2079 533 2121 ostendit,
568 2090 611 2115 ut
631 2080 670 2115 Ρ.
702 2079 877 2124 oblique,
912 2079 1042 2115 orniffo
1073 2090 1203 2124 pron.,
1239 2078 1276 2113 in
1312 2080 1424 2114 verbo
1452 2080 1644 2116 eiusdem,

104 2132 220 2182 perss,
259 2144 366 2178 quam
388 2129 425 2165 in
457 2141 566 2177 pron.
596 2140 634 2165 et
658 2142 729 2165 nos
753 2141 837 2165 curn
859 2129 928 2164 Ms.
950 2131 1010 2164 Ba.
1034 2139 1072 2164 et
1091 2127 1172 2163 edd.
1195 2127 1416 2175 quibusdam
1439 2127 1625 2170 dedimus,

103 2183 190 2231 quia
212 2181 311 2229 vulg.
330 2180 383 2225 ὖμ.
404 2182 486 2225 Stp.
509 2178 591 2225 (qui
611 2189 736 2214 tamen
759 2177 858 2214 inm.
878 2179 914 2212 Ρ.
935 2176 1058 2214 reddit
1080 2176 1154 2222 ἦμ.)
1175 2178 1219 2212 ad
1240 2177 1440 2214 exercitum
1453 2177 1625 2225 pertinet

100 2231 221 2271 solum
237 2257 245 2272 ,
275 2242 352 2278 quo
370 2230 416 2265 de
437 2227 607 2264 nondum
629 2228 817 2264 constabat
839 2227 959 2274 Nigro
973 2251 983 2267 ‚
1019 2239 1065 2262 an
1084 2227 1123 2262 in
1145 2239 1282 2272 partem
1307 2227 1358 2263 rei
1381 2228 1468 2263 esset
1488 2236 1624 2262 ventu·

104 2294 192 2322 rus,
229 2280 289 2317 sed
311 2279 473 2315 nostrum
495 2276 573 2322 «ζμ,
598 2276 669 2314 five
693 2290 759 2324 pro
781 2281 864 2320 ἐμοὶ,
892 2276 966 2311 live
988 2274 1138 2323 proprie
1158 2275 1332 2317 suffitum,
1361 2277 1466 2317 mihi.
1485 2276 1622 2324 Nigro,

103 2342 143 2367 et
162 2330 292 2371 vobis,
321 2327 504 2364 militibus
518 2351 528 2367 ‚
564 2326 708 2374 semper
724 2327 773 2362 est
793 2325 913 2371 aptius
932 2325 1110 2372 personae
1132 2325 1291 2361 dicentis
1307 2350 1316 2365 ‚
1353 2338 1468 2373 quum
1490 2334 1620 2372 pergat

99 2379 149 2418 fic
167 2381 214 2416 de
235 2380 300 2416 suo
320 2377 491 2415 instituto
514 2376 654 2424 Niger,
685 2388 747 2412 aut
766 2376 876 2411 etiam
901 2374 1004 2411 fimul
1032 2374 1078 2410 de
1097 2374 1275 2411 societate
1296 2386 1334 2410 et
1359 2375 1499 2412 auxilio
1520 2373 1618 2409 mili-

99 2440 179 2466 turn
193 2455 203 2471 ,
239 2441 328 2474 quas
349 2439 404 2463 res
427 2426 544 2475 Niger
565 2425 700 2462 elicere
719 2424 846 2472 potuit
869 2423 952 2460 sane
973 2437 1038 2472 per
1058 2424 1178 2460 causas
1198 2424 1398 2460 adiuncta&
1460 2422 1532 2459 Sed
1552 2425 1618 2471 ssg.
1674 2423 1681 2431 “

101 2491 124 2515 e
145 2480 183 2514 Ρ.
210 2477 390 2526 opprimit
406 2477 462 2520 xa)
486 2488 553 2523 pro
575 2477 703 2516 ctiam,
731 2475 753 2509 i.
781 2485 990 2520 praeterea,
1018 2474 1154 2509 Nostro
1175 2473 1330 2520 politum
1346 2474 1423 2519 post
1443 2475 1497 2511 ὅθ.
1523 2484 1621 2520 quo·

100 2540 175 2574 que
195 2526 298 2575 supra
328 2541 355 2568 ι,
379 2538 434 2570 14,
461 2538 541 2564 10..
583 2524 644 2561 sed
673 2525 733 2559 hic
756 2522 947 2559 interiecta
975 2522 1032 2567 ν’μ.
1053 2535 1146 2560 voce
1167 2535 1238 2559 una
1267 2536 1334 2570 per
1359 2522 1617 2564 variationem,

99 2588 268 2623 ponente
291 2577 374 2612 Sch.
398 2575 436 2611 in
455 2580 508 2613 ἐπ,
527 2576 650 2610 locum
671 2573 747 2610 line
769 2574 831 2607 Vs.
859 2574 923 2609 sub
950 2573 1152 2612 „molitim
1189 2571 1385 2608 confilium
1414 2571 1466 2607 rei
1497 2583 1616 2608 tenta·

99 2637 180 2668 tae,
201 2647 237 2654 -
266 2630 298 2663 ἒι.
321 2635 403 2662 tuta
428 2624 618 2660 certitudo
644 2623 843 2673 propcfiti“
871 2621 1002 2671 partim
1025 2636 1045 2657 e
1066 2623 1124 2662 1³„
1153 2621 1215 2657 ubi
1241 2625 1300 2670 lig.
1329 2622 1485 2657 alterum
1507 2619 1614 2658 subst.
1677 2632 1679 2634 ·

93 2686 216 2711 mutat
238 2674 273 2711 in
299 2675 378 2723 syn.
400 2674 578 2722 gerund.‚
615 2683 771 2710 tenente
793 2674 872 2717 Stp.
893 2673 969 2707 Th,
988 2671 1139 2708 aliunde
1168 2670 1272 2707 [ubst.
1294 2676 1348 2710 5²25.
1371 2680 1409 2706 ct
1427 2676 1467 2706 τὸ
1487 2674 1520 2706 ἀ.
1547 2682 1614 2716 pro

93 2722 118 2764 ἦ
133 2729 330 2770 ἀσφάλεια,
360 2723 422 2771 (cf
442 2723 519 2759 lnd.
541 2724 647 2768 Luc.)
666 2723 724 2758 sed
745 2734 821 2757 non
841 2720 965 2757 Nostri
986 2720 1208 2760 formulam,
1238 2733 1281 2756 ex
1299 2721 1443 2767 analog.
1466 2718 1612 2755 faciam.
1668 2735 1673 2738 ·

91 2773 134 2811 ln
154 2773 205 2819 sq.
235 2783 295 2816 τῆς
315 2791 350 2811 τ.
373 2789 404 2809 κ.
426 2787 482 2817 w.
501 2771 651 2821 respicit
665 2771 797 2809 Noster
808 2772 851 2808 ad
864 2784 896 2814 2,
910 2782 943 2815 7,
955 2770 1044 2814 9.i.‚
1069 2769 1131 2807 sed
1151 2769 1197 2805 ad
1219 2782 1253 2812 2,
1275 2773 1308 2811 6,
1332 2781 1391 2806 22.
1413 2781 1460 2804 m.
1491 2769 1532 2804 in
1553 2765 1611 2806 εἶν.
