1717 3082
141 63 307 112 LIBER
321 63 397 113 1v.
418 65 544 113 CAP.
562 64 654 112 XII.
676 69 727 112 A.
750 67 805 112 V.
828 67 875 114 C.
899 81 1013 129 970.
1046 68 1181 117 CHR.
1204 71 1266 116 N.
1281 85 1389 130 217.
1467 87 1498 132 9
1514 83 1540 130 8
1555 91 1587 137 9

60 181 115 238 ὠς
152 176 269 247 μηδὲ
298 192 322 216 ¹¹
367 180 670 252 ς-ξοιτιωτικόν,
708 181 821 249 lani}
858 191 1025 252 igitur,
1076 203 1126 239 ut
1157 210 1301 258 neque
1332 194 1582 255 militarem,

57 265 277 322 γενναῖον,
317 252 519 326 δημοσίᾳ
555 259 820 316 πολλάκιςῡ
859 284 940 313 nec
973 267 1220 326 strenuum,
1258 270 1432 335 publice
1460 273 1584 338 saepe

59 334 374 396 (ἐπέσκωπτε,
450 342 526 386 καὶ
568 335 722 404 μέχρις
756 341 820 384 αἰ-
858 341 1137 392 caviliabatur
1169 384 1178 402 ‚
1258 349 1386 394 ctiam
1447 350 1583 414 usque

61 410 214 480 σχξσῖς
239 409 555 476 βλαςφημιάς.
602 413 695 460 ἐπεὶ
722 411 820 482 γσὲς
865 432 906 474 4.
946 418 999 465 ad
1034 420 1162 466 foeda
1201 425 1400 469 convitia.
1465 430 1581 474 Cum

61 484 206 543 ἤκουεν
229 482 400 536 aduini>
431 486 508 536 καὶ
531 482 675 557 διαίτῃ
705 491 823 537 ἐλευ-
859 496 975 540 enim
1002 497 1186 559 audiret,
1226 498 1350 544 illum
1381 511 1424 546 et
1459 499 1580 549 vifflu

58 562 193 633 θεξῖῳ
225 561 467 632 χςώμενον,
509 563 584 612 καὶ
613 563 675 612 τοὶ
703 566 822 628 φειῧ-
858 570 1102 619 liberaliore
1138 575 1230 628 uti‚
1275 584 1317 620 et
1350 575 1479 623 vilem
1513 588 1576 625 at·

58 649 126 688 λοι
159 639 236 688 καὶ
272 639 580 710 αἴπερῥιμμένα.
608 652 628 686 q
664 641 746 688 τῶν
788 643 822 688 ἐ·
860 663 945 709 que
978 645 1197 694 abieci-um
1234 649 1381 696 cibum
1415 667 1465 698 ac
1497 671 1579 718 po·

59 709 293 782 d‘sqzoe‘vwv
314 716 392 765 καὶ
417 717 563 765 ποτῶν
585 714 818 781 μυσαττό-
856 734 955 768 tum
1004 723 1220 789 aspernari
1279 723 1485 784 (Quibus
1528 738 1580 776 ut

149 849 184 883 n)
211 846 275 879 Ms.
295 846 348 878 Ba.
375 849 409 881 ὧς
436 849 475 885 a?
501 860 544 891 ςρ,
565 863 609 872 —-
627 849 665 885 μὴ
689 847 719 878 ὃὶ
738 859 817 884 γενν.
840 847 931 888 quod
961 846 1058 888 postr.
1079 847 1220 880 divisum
1248 847 1291 880 est
1314 849 1368 882 hic
1385 854 1529 894 quoque'
1541 854 1578 887 in

59 894 104 925 A.
121 892 163 923 cf.
185 899 216 936 3,
237 900 269 929 2,
291 901 322 924 ι.
350 891 406 924 sed
426 893 468 923 de
494 894 604 934 primo
624 904 656 924 v.
676 891 721 924 N.
794 893 832 934 o)
855 897 985 925 πολλάκι
1013 897 1053 926 Α.
1077 903 1109 925 2.
1133 904 1166 925 v.
1187 894 1229 925 N.
1311 899 1344 938 p)
1368 899 1434 930 Μς,
1454 899 1509 930 Ba,
1528 902 1578 934 tm,

59 939 150 970 αὐτοῦ
169 956 213 963 -
232 938 381 980 χρώμενον
398 946 431 970 λ.
458 948 492 969 v.
513 937 559 970 N.
632 943 665 979 q)
693 939 869 976 ἐπεέριμένα
892 942 934 970 A.
952 948 984 970 2.
1011 938 1053 969 al.
1081 948 1114 969 v.
1134 946 1166 982 3,
1183 941 1218 978 6,
1241 947 1294 972 10.

59 1049 172 1086 Bach.
203 1051 293 1087 Luc.
315 1049 432 1100 Hesy.
461 1049 563 1088 Suid.
583 1050 647 1087 ubi
680 1062 710 1093 1,
730 1059 811 1097 833.
836 1048 858 1086 i.
879 1063 913 1084 v.
935 1062 966 1086 e.
989 1061 1073 1086 cum
1101 1064 1151 1098 pr.
1179 1057 1290 1094 κατὰ,
1317 1063 1359 1090 ut
1388 1065 1474 1090 cum
1500 1063 1577 1104 negt

60 1110 118 1146 ap.
133 1100 231 1136 Piut.
253 1101 318 1136 Hs.
343 1112 399 1148 ro,
421 1113 453 1144 ς.
471 1112 510 1136 et
533 1113 616 1137 curn
636 1107 717 1146 πρὸς
738 1102 796 1135 Rs.
818 1101 884 1135 Or.
902 1099 946 1133 V.
969 1103 1003 1135 6.
1033 1100 1092 1135 sed
1117 1103 1161 1136 de
1182 1102 1339 1139 Macrini
1361 1113 1440 1140 tum
1465 1116 1578 1153 gene·

60 1161 100 1185 re
115 1175 126 1190 ‚
155 1150 270 1197 patria
292 1161 333 1186 et
351 1148 599 1198 dignitatibus
620 1152 737 1185 Dion.
762 1151 803 1185 C.
830 1158 933 1195 1318,
955 1162 986 1184 2.
1003 1148 1079 1196 sqq.
1101 1161 1180 1186 tum
1209 1152 1340 1197 peritia
1361 1152 1408 1187 ib.
1430 1152 1453 1188 l.
1474 1168 1506 1200 9.
1527 1160 1576 1192 τὰ

59 1205 183 1244 νόμιμα
204 1201 272 1244 οὔχ
292 1196 396 1242 οὕτως
423 1204 566 1246 ἀκριβῶς
587 1200 731 1242 §xlm-ro
745 1223 755 1240 ,
780 1203 822 1240 ὣς
840 1206 940 1240 meai:
965 1203 1241 1246 μετεχειρίζετο,
1266 1201 1329 1237 ubi
1352 1214 1382 1237 v.
1404 1202 1454 1239 N.
1476 1203 1520 1239 ad
1541 1203 1577 1251 §.

61 1252 119 1290 56.
142 1261 182 1285 et
202 1247 323 1296 Capit.
354 1250 394 1286 in
419 1249 551 1296 Opilio
577 1249 748 1285 Macrino
770 1260 801 1284 c.
825 1260 857 1284 2.
883 1247 961 1295 sqq.
985 1261 1020 1295 p.
1042 1261 1125 1294 747.
1153 1249 1215 1286 sed
1237 1262 1268 1285 c.
1296 1261 1350 1298 ¹3·
1377 1251 1403 1288 i.
1430 1263 1466 1299 p.
1487 1258 1575 1299 767.

54 1296 135 1343 fuit
156 1297 196 1333 in
216 1299 295 1334 iure
315 1311 396 1334 non
418 1299 602 1335 incallidus
627 1299 690 1334 rel.

110 1367 154 1405 ὥς
182 1365 289 1409 μηδὲ)
314 1365 478 1402 Tentata
507 1364 598 1402 haec
623 1375 709 1411 neg.
730 1375 748 1398 a
769 1363 839 1400 Ms.
861 1361 899 1398 in
921 1361 1144 1410 simplicem,
1172 1363 1313 1408 (forsan
1336 1378 1379 1402 ex
1398 1366 1478 1403 aliis
1495 1369 1576 1404 No-

60 1411 119 1448 stri
144 1414 260 1454 locis,
293 1413 342 1449 cf.
370 1426 402 1455 1,
427 1426 481 1456 10,
505 1423 537 1455 8.
559 1426 590 1450 e.
618 1425 650 1457 5,
670 1425 702 1455 7,
724 1426 756 1458 4.
787 1425 851 1459 per
879 1413 1027 1460 gloss'am
1051 1413 1167 1456 adeo,
1192 1414 1282 1450 dum
1307 1416 1405 1464 vulg.
1424 1416 1576 1464 duplex.

56 1474 128 1514 >per
146 1462 180 1497 se
199 1473 270 1498 nec
299 1464 414 1504 maia.
440 1476 511 1499 nec
531 1462 774 1509 infrequens,
804 1473 842 1497 et
864 1473 881 1496 a
905 1463 993 1500 Mss.
1018 1461 1083 1499 tel.
1106 1461 1290 1504 servatur,
1318 1477 1389 1499 nec
1409 1468 1445 1502 δὲ
1464 1465 1575 1503 facile

48 1510 225 1558 'elapsum
246 1512 294 1548 ob
317 1513 523 1556 viciniam)
550 1523 675 1548 tamen
695 1521 906 1558 compareat
925 1512 964 1546 in
984 1512 1020 1546 P.
1035 1520 1189 1558 parum,
1217 1513 1321 1560 quod
1348 1526 1415 1560 pro
1436 1522 1479 1557 μὴ
1508 1515 1574 1550 ha-

59 1559 124 1596 bet
151 1573 185 1602 2,
211 1571 245 1606 3,
270 1573 326 1604 15.
350 1572 389 1597 et
419 1574 450 1602 2,
472 1565 507 1602 6,
531 1572 587 1596 10.
616 1572 790 1607 quoque,
825 1559 924 1595 unde
952 1559 1013 1594 hic
1043 1562 1106 1606 Bg.
1140 1560 1179 1596 in
1211 1577 1282 1607 ςρ..
1308 1574 1388 1598 non
1415 1564 1507 1600 item
1525 1564 1573 1601 ad

58 1623 170 1654 *ssu-a„
196 1609 258 1646 ubi
281 1622 319 1646 et
339 1609 438 1646 istius
457 1610 668 1657 suppletum
691 1607 797 1644 subst.
818 1603 924 1653 ἄνδρα
945 1609 1040 1644 τεὲῑε
1061 1609 1216 1652 omittit,
1247 1610 1356 1646 etiam
1369 1624 1438 1659 pro
1459 1625 1573 1660 pron.

57 1663 164 1700 αὐτὸς
184 1657 227 1693 ad
240 1664 345 1696 mam.
359 1657 593 1695 substitutum
608 1658 708 1694 aliud
730 1669 869 1692 nomen
889 1663 1061 1701 βασιλεῦς,
1076 1657 1160 1703 efflas,
1173 1671 1206 1701 2,
1220 1668 1275 1704 23.
1291 1660 1450 1697 severior
1467 1662 1571 1699 idem

57 1707 99 1742 in
114 1707 164 1754 sq.
179 1708 232 1750 κοιλ
252 1724 355 1755 μεχς.
368 1719 398 1745 λ.
413 1720 508 1756 quae
520 1706 651 1744 Noster
664 1706 708 1742 de
721 1705 786 1742 suo
802 1707 963 1750 copulat,
976 1719 1017 1742 ut
1036 1717 1074 1742 et
1094 1713 1208 1753 αἱσχρ,
1221 1721 1303 1745 cum
1323 1717 1392 1755 (Bm,
1412 1710 1571 1758 ubistp.

56 1757 129 1792 Th.
144 1756 232 1793 hinc
253 1756 326 1794 (ine
341 1758 402 1793 Vs.
416 1783 426 1799 ‚
456 1756 502 1792 cf.
522 1758 562 1793 L.
579 1757 626 1792 N.
642 1757 686 1792 Γ.
701 1767 783 1790 cum
798 1754 892 1791 Suic.
918 1755 1096 1791 Indiuc.
1118 1757 1230 1793 Diod.
1249 1760 1284 1794 S.
1307 1770 1390 1794 cum
1415 1761 1570 1797 Munth.

57 1817 94 1852 p.
120 1811 198 1843 116.
223 1809 328 1843 Bam.
352 1807 436 1843 Eur.
456 1807 524 1843 Ios.
550 1807 610 1842 Rs.
633 1806 699 1842 Or.
725 1805 767 1840 V.
790 1817 821 1849 4.
843 1817 881 1842 et
903 1806 1010 1841 Dem.
1033 1804 1091 1841 cui
1113 1806 1193 1841 add.
1219 1819 1301 1853 140,
1325 1820 1382 1844 22.
1404 1814 1487 1851 268,
1510 1817 1569 1850 18-

58 1867 94 1901 Ρ.
120 1855 169 1903 sq.
193 1856 216 1891 l.
246 1870 297 1892 12.
320 1868 403 1900 599,
425 1870 482 1902 24.
507 1867 546 1893 et
569 1867 653 1891 cum
683 1866 736 1901 pr.
756 1862 830 1899 περὶ
855 1863 952 1898 1312,
974 1866 1005 1888 2.
1027 1853 1088 1890 sed
1111 1856 1270 1892 Gs.Ti1.
1294 1867 1399 1902 1234,
1421 1869 1480 1901 71.
1505 1865 1566 1898 81.

52 1905 264 1942 foediffimo
286 1907 466 1948 convicio,
484 1926 522 1933 -
543 1903 725 1942 deformia
752 1903 923 1940 convicia.
971 1904 1168 1940 Caeterum
1193 1907 1237 1944 A.
1258 1919 1290 1942 2.
1317 1911 1462 1945 πολλάκι
1490 1906 1568 1944 fine

51 1950 219 1991 sibilante
250 1966 396 1992 tantum
418 1955 540 2003 poetis
569 1955 744 1993 solenne,
772 1952 818 1987 cf.
837 1953 917 2000 Stp.
939 1953 1013 1987 Th.

104 2017 236 2065 ἤκουεν)
267 2022 339 2058 Μς.
361 2020 460 2056 casus
491 2020 581 2057 alius
606 2030 712 2067 pron.
738 2018 797 2054 bic
817 2030 861 2053 ex
888 2030 1013 2054 errore
1034 2016 1170 2054 librarii
1192 2018 1230 2055 in
1260 2035 1275 2056 ν
1300 2030 1339 2056 ct
1359 2037 1379 2058 v
1405 2021 1568 2064 solenni.

53 2080 135 2106 tum
159 2072 208 2107 ob
236 2071 420 2108 servatum
442 2069 545 2106 simui
571 2081 644 2106 acc.
664 2082 775 2114 χρωμ.
804 2079 874 2103 ete.
904 2080 981 2103 tum
1004 2068 1089 2113 quia
1110 2079 1193 2114 gen.
1222 2069 1313 2115 pers.
1343 2082 1427 2107 cum
1449 2084 1482 2107 v.
1506 2077 1567 2110 ἀκ.

55 2119 157 2156 aliud
185 2118 388 2168 fignificat,
422 2131 531 2166 quam
556 2119 618 2154 hic
648 2116 870 2164 requiritur,
898 2117 947 2151 ct'.
972 2129 1005 2152 v.
1034 2129 1065 2152 c.
1096 2118 1187 2153 Xen.
1219 2119 1270 2154 M.
1289 2121 1325 2155 S.
1359 2131 1390 2161 1,
1414 2132 1449 2165 4,
1471 2133 1504 2157 2.
1523 2120 1566 2163 i..

54 2181 165 2217 quam
185 2171 245 2210 P„
269 2169 429 2205 severius
458 2167 517 2204 hic
537 2179 673 2217 agente
697 2171 780 2214 13g.,
810 2165 870 2201 sed
898 2167 972 2203 huc
1001 2165 1185 2213 spenante
1213 2168 1292 2213 δερ.
1316 2168 1389 2203 Th.
1418 2181 1566 2207 tantum

55 2217 96 2255 in
118 2231 150 2254 v.
170 2223 200 2256 δ.
228 2218 304 2255 fine
326 2218 389 2254 Vs.
410 2217 473 2254 sub
497 2219 573 2253 Lat.
597 2219 660 2264 Bg.
686 2228 705 2251 e
733 2216 771 2250 P.
791 2227 859 2262 pro
879 2226 1007 2254 „certa
1030 2214 1142 2251 vitam
1168 2215 1382 2253 instituendi
1403 2219 1568 2261 ratione.

56 2269 179 2316 quoad
199 2268 336 2305 viaum
357 2267 476 2311 (unde
496 2280 583 2302 mox
603 2266 663 2301 hic
684 2268 732 2302 ἐδ.
755 2264 809 2306 nm*
830 2267 924 2309 ποτ.)
945 2277 984 2300 et
1002 2264 1166 2312 corporis
1190 2266 1363 2302 cuitum“
1390 2266 1414 2302 i.
1433 2267 1567 2309 vestes,

56 2319 104 2354 de
125 2317 260 2365 quibus
278 2315 416 2354 deinde
447 2316 485 2352 in
504 2327 611 2360 χλαμ.
633 2316 718 2355 rei„
746 2325 908 2361 quocum
929 2312 1060 2350 Noster
1088 2313 1210 2360 iungit
1225 2314 1296 2350 adi.
1326 2320 1373 2352 ελ.
1397 2316 1483 2363 (pro
1510 2314 1567 2364 sq.

51 2370 229 2414 ἂςειοτὲςα
248 2377 287 2403 et
306 2378 375 2414 pro
396 2367 475 2402 Ael.
499 2367 541 2401 V.
555 2367 591 2401 h.
612 2376 648 2410 4.
668 2375 722 2399 22.
743 2376 774 2399 e.
794 2361 978 2410 ἁβροτέρᾳ.
1005 2363 1233 2409 delicatiori)
1261 2363 1306 2400 de
1326 2364 1392 2399 suo
1413 2364 1458 2399 ad
1477 2376 1565 2402 ana·

53 2417 154 2464 rog„
180 2406 246 2459 (ἐξ.
266 2428 350 2452 cum
374 2414 480 2452 subst.
500 2414 544 2450 ει.
566 2416 645 2451 ind.
674 2412 788 2448 Diod.
808 2414 843 2446 s.
866 2412 981 2447 Dion.
1007 2413 1053 2447 H.
1082 2413 1116 2448 s.
1137 2414 1183 2447 T.
1207 2425 1240 2448 2.
1273 2412 1326 2448 Fi.
1349 2413 1480 2449 Aesch.
1501 2414 1564 2450 Rs.

55 2466 124 2502 or.
145 2466 186 2500 V.
201 2478 235 2512 4.
256 2467 350 2502 Xen.
371 2466 426 2500 M.
447 2464 482 2500 S.
505 2473 545 2499 et
564 2464 648 2510 Cyr.
669 2461 731 2497 sed
754 2473 821 2507 pro
841 2461 944 2496 subst.
964 2467 1003 2498 τὸ
1024 2466 1073 2498 ἔλ.
1095 2460 1242 2503 Herdt.)
1262 2461 1301 2498 it.
1323 2462 1362 2498 in
1380 2462 1461 2510 sqq.
1475 2474 1568 2499 neu-

54 2513 122 2550 tris
142 2524 179 2559 φ.
201 2526 233 2551 Λ.
255 2525 341 2550 cum
369 2525 451 2562 gen.
466 2536 477 2553 ,
503 2524 599 2559 quae
620 2512 660 2546 in
684 2509 836 2546 eosdem
860 2509 958 2546 casus
981 2509 1114 2557 redigit
1134 2513 1195 2557 ὓς.
1216 2509 1349 2546 iterum
1369 2523 1389 2547 e
1408 2512 1471 2554 R,
1501 2510 1567 2548 sed

52 2563 225 2610 legitimo
249 2565 378 2612 gradu,
405 2574 474 2598 nec
492 2573 617 2596 tamen
637 2558 811 2596 severiori
832 2556 932 2594 illius
950 2571 1122 2601 numera,
1149 2560 1236 2594 dum
1257 2570 1364 2596 tenet
1383 2560 1472 2597 haec
1484 2561 1565 2607 Stp.

52 2612 124 2647 Th.
146 2626 180 2657 4,
196 2624 251 2656 50.
272 2614 317 2649 A.
331 2625 361 2647 e.
384 2621 451 2658 »φ
474 2610 600 2650 malus,
623 2607 788 2644 vitiosus,
808 2629 846 2634 —
898 2607 958 2643 Sic
977 2610 1094 2653 φαῦλοι
1116 2611 1278 2652 {Arimara
1300 2610 1389 2644 item
1410 2620 1482 2656 que
1503 2625 1567 2647 xa-

52 2666 98 2698 τὲ
120 2661 273 2699 Herodi.
292 2660 356 2698 ubi
388 2671 512 2696 tamen
535 2657 721 2703 poisuinus
741 2655 851 2692 etiam
876 2668 942 2702 pro
966 2658 1096 2692 vilibus
1117 2658 1281 2704 accipere
1295 2683 1305 2699 ‚
1333 2659 1388 2703 (et
1409 2658 1470 2693 hic
1490 2670 1566 2694 ma-

48 2711 147 2748 xime
168 2723 189 2748 e
208 2723 260 2759 pr.
281 2715 329 2748 ἐκ.
351 2720 393 2746 ut
412 2708 487 2757 ipse
508 2706 640 2743 diserte
662 2716 696 2752 3,
718 2714 799 2752 7¹3-
819 2707 861 2741 in
884 2718 917 2742 v.
938 2710 1000 2743 ἀπ.
1029 2718 1061 2742 e.
1085 2706 1191 2750 hinc)
1212 2707 1307 2743 escas
1329 2707 1419 2745 viles
1437 2716 1476 2744 et
1501 2708 1564 2746 ab.
