1722 3086
121 155 225 198 324
269 142 438 187 LIBER
458 140 514 185 11.
555 139 847 189 CAP.X.,A.
872 143 929 188 V.
950 141 1143 199 C.946.
1177 140 1394 198 CHRN.
1417 156 1535 201 ¹93·

122 255 348 322 „fies-iasone
394 255 543 325 αἰςχῆς
603 251 863 323 νομίζουσιν.
899 275 955 308 ex
984 257 1165 308 nondum
1169 257 1327 329 stabili
1345 261 1524 330 imperio
1548 260 1638 312 exi-
1693 245 1697 251 Ι

124 407 191 445 sub
213 405 285 443 alio
305 406 532 451 imperatore
548 416 589 440 ac
607 404 784 452 praeside,
823 405 961 454 quibus
988 405 1160 454 utrisque
1187 419 1235 443 ne
1257 405 1458 445 sufficiebat
1483 407 1639 456 quidem

125 457 240 493 vistus
260 455 325 492 ille
344 455 500 491 diurnus
520 465 560 491 et
576 456 821 502 quotidianus
834 481 844 496 ,
868 467 954 492 cum
973 455 1100 502 potius
1118 455 1321 494 secundum
1342 470 1375 498 2,
1395 468 1429 499 7,
1444 457 1640 505 14.sqq.et

122 520 162 548 2,
185 516 219 547 8,
245 509 299 541 16.
322 505 361 542 in
383 502 575 540 continuis
597 504 739 542 deliciis
766 515 804 541 et
828 504 1018 553 perpetuis
1036 505 1343 555 quotidianisque
1371 506 1475 544 velut
1492 505 1640 554 nuptiis

124 553 309 597 vixerint,
344 565 383 590 et
403 553 496 589 adeo
511 552 768 600 quotidianam
791 567 831 591 ac
849 566 1068 602 perpetuam
1086 556 1265 592 luxuriam
1283 556 1395 593 etiam
1412 554 1454 593 in
1466 555 1640 592 nondum

122 604 241 643 stabili
263 615 302 641 et
322 614 425 639 certo
445 601 604 649 imperio
626 615 694 650 pro
717 605 820 640 lucro
841 603 1036 641 sufficienti
1057 606 1300 653 reputabant,
1329 616 1368 642 et
1385 605 1508 642 inhoc
1521 604 1639 641 dubio

120 667 246 693 rerum
265 654 357 690 statu
376 651 460 688 satis
476 652 609 688 lucrari
630 653 665 690 se
689 654 887 698 putabant,
914 653 968 690 sat
983 654 1249 700 commodique
1269 655 1305 692 se
1325 655 1472 697 nactos,
1499 664 1538 692 et
1556 653 1641 690 satis

122 704 162 742 se
180 704 335 744 felices·
369 701 392 738 fi
421 702 460 737 in
482 700 560 756 dies
581 699 744 751 fingulos
767 716 805 738 et
826 702 998 751 quotidie
1025 704 1170 750 pulsent
1189 703 1374 741 luxuriose
1392 704 1539 744 vivere3
1572 701 1640 751 qui

122 754 250 792 sensus
272 752 421 788 videtur
440 750 531 786 mihi
554 748 734 789 formulae
754 752 854 790 istius
874 768 943 799 νομ.
965 756 1090 800 κέρδος,
1121 751 1195 792 scil.
1213 752 1293 797 εἶναι,
1307 780 1317 796 ,
1337 756 1481 791 lucrum
1492 750 1561 790 effe
1574 764 1643 801 pu-

123 815 209 842 tant
228 802 299 840 iarn
320 801 374 837 sat
394 812 567 837 maonum
586 813 624 839 et
642 803 882 839 commodum
905 813 946 840 et
965 802 1185 839 felicitatem
1198 827 1209 845 ‚
1240 803 1280 839 in
1300 802 1404 840 lucro
1429 804 1569 839 habent
1598 811 1640 848 et

122 862 297 904 ponunt3
330 862 425 898 quae
443 833 627 887 ssntentia
645 862 768 887 manet
791 863 964 900 quoque,
991 852 1014 887 sl
1032 858 1132 897 ἐφημ.
1153 851 1292 898 ceperis
1311 865 1380 899 pro
1403 850 1504 889 brevi
1518 849 1642 887 brevis

123 916 199 953 que
218 900 422 948 temporis,
457 910 499 937 ut
526 899 707 937 luxuriam
736 901 846 938 talem
874 902 1115 938 existimarint
1143 915 1208 949 pro
1230 902 1335 938 lucro
1364 914 1405 938 ac
1438 899 1640 937 commodo

125 966 207 990 non
228 949 512 987 contemnendo
532 949 681 996 imperii
701 951 872 988 nondum
890 950 1059 992 stabiliti.
1097 963 1136 988 et
1167 952 1225 988 vel
1253 951 1290 987 in
1319 950 1494 1000 ambiguo
1523 948 1643 986 adhue

126 1000 289 1049 imperio
308 997 536 1036 crediderint
554 999 606 1036 sat
625 1001 818 1037 commodi
843 1002 992 1037 brevem
1011 1000 1158 1043 luxum
1194 1001 1350 1040 madeo
1371 1011 1411 1037 et
1435 1000 1511 1047 ipse
1529 997 1643 1035 incli-

123 1065 213 1090 nem
231 1050 358 1098 potius
378 1048 422 1083 ad
440 1050 519 1095 Stp.
538 1056 690 1096 τρυφὴν,
716 1062 794 1086 tum
819 1062 974 1098 propter
993 1050 1133 1088 sensum
1156 1049 1363 1091 meliorem,
1387 1061 1468 1087 tum
1489 1058 1644 1096 ptopter

125 1103 194 1143 P.,
227 1098 292 1147 qui
313 1111 381 1145 pro
403 1098 497 1134 Cod.
525 1109 564 1134 et
590 1100 652 1135 hic
680 1098 817 1140 fuerit.
858 1111 897 1135 et
926 1100 963 1136 in
998 1100 1062 1137 suo
1079 1100 1250 1147 exemplo
1272 1099 1310 1135 id
1331 1098 1524 1141 habuerit,
1559 1108 1643 1134 tum

127 1150 213 1201 quia
232 1161 312 1185 non
329 1146 443 1184 modo
462 1147 586 1195 lapsus
605 1147 645 1184 in
665 1165 683 1185 υ
706 1160 744 1187 et
763 1166 780 1186 0
798 1148 918 1186 facilis
938 1149 1036 1189 fuit,
1062 1148 1125 1186 sed
1147 1162 1186 1186 et
1202 1149 1288 1185 alibi
1311 1159 1381 1185 utr.
1402 1162 1475 1185 vox
1486 1145 1644 1184 confusa

127 1213 167 1239 et
184 1197 318 1240 variat,
352 1196 398 1232 cf.
421 1198 509 1232 Luc.
533 1206 565 1241 3,
591 1197 782 1242 176.1.14.
803 1202 860 1244 a),
887 1198 1001 1236 Diod.
1022 1201 1059 1236 S.
1085 1212 1115 1240 1,
1136 1210 1218 1244 423.
1242 1199 1358 1243 N.64.
1377 1198 1430 1246 sq.
1451 1208 1490 1234 et
1509 1204 1642 1246 p.438.

125 1251 152 1288 1,
176 1260 232 1297 3¹·
253 1250 321 1294 n),
353 1245 493 1305 witti).
517 1247 615 1283 plut.
636 1248 683 1285 de
702 1247 770 1283 ser.
793 1261 830 1286 n.
850 1261 884 1284 v.
906 1263 940 1296 p.
955 1260 1054 1296 3<.e.
1082 1247 1124 1284 it.
1147 1251 1266 1284 Brem.
1285 1247 1372 1284 Obs.
1389 1245 1521 1291 Fascic.
1549 1259 1576 1281 ι.
1602 1257 1642 1292 p.

125 1315 184 1347 4.,
218 1309 260 1335 ut
279 1296 391 1333 affine
409 1311 514 1338 voulut
539 1296 667 1333 2Petr.
690 1309 724 1340 2,
750 1307 801 1342 13.
836 1296 946 1340 ἧδονῆν
966 1298 1139 1343 {vadas-mc
1163 1305 1221 1341 τὴν
1235 1302 1268 1334 ἔν
1288 1297 1394 1343 ἧμέρῃ
1417 1301 1571 1343 τρυφὴν,
1600 1296 1644 1344 iq

122 1350 162 1388 L.
186 1349 236 1386 N.
258 1348 304 1382 T.
325 1346 377 1382 Fi.
398 1345 529 1381 etKrb.
552 1358 585 1380 v.
606 1361 660 1392 τρ.
687 1347 950 1394 „voluptatem
963 1346 1205 1395 existimantes
1216 1347 1478 1394 quotidianum
1489 1347 1645 1387 luxum“

125 1399 150 1437 i.
172 1396 396 1435 felicitatem
416 1395 512 1431 suam
531 1406 690 1443 eamque
710 1395 886 1432 summam
902 1421 912 1437 ,
939 1395 982 1432 ef.
994 1397 1083 1433 Krb.
1101 1396 1160 1431 l.l.
1182 1409 1216 1431 v.
1235 1401 1293 1438 ἦμ.
1316 1396 1339 1431 i.
1358 1409 1393 1442 p.
1407 1407 1558 1436 222.e.,
1585 1397 1643 1438 (et

126 1449 234 1495 supra
256 1446 299 1482 ad
323 1457 355 1486 1,
370 1449 404 1485 6,
428 1456 461 1479 2.
487 1456 523 1491 p.
541 1445 658 1485 186.i.
680 1458 701 1481 e
722 1446 834 1484 Xen.)
856 1444 992 1482 Grotio
1015 1445 1090 1481 line
1113 1445 1216 1481 causa
1243 1443 1443 1481 leflionem
1470 1454 1644 1479 tentante

123 1499 167 1536 in
183 1501 331 1545 τροφὴν,
375 1506 486 1542 quam
507 1492 545 1528 in
566 1494 665 1542 vulg.
685 1494 747 1530 hic
763 1493 964 1534 Restionem
984 1493 1032 1530 cf.
1049 1495 1131 1532 Ind.
1151 1496 1261 1531 Dem.
1280 1506 1313 1541 p.
1328 1503 1408 1540 343.
1429 1506 1479 1529 m.
1506 1500 1568 1535 τὴν
1588 1491 1644 1537 ἐφ’

127 1547 255 1593 ἱμέραν
272 1551 398 1590 τροφὴν
418 1546 534 1584 adrui:
555 1547 672 1589 διαρκῆ
690 1539 832 1585 διόἆυοιφ,
865 1557 931 1591 pro
965 1556 1040 1591 quo
1067 1544 1105 1580 in
1134 1554 1237 1580 textu
1267 1542 1446 1579 mendum
1464 1547 1504 1579 ’τὸ
1522 1541 1577 1587 ἐφ’
1597 1553 1645 1582 λ..

127 1597 194 1634 sed
213 1595 289 1631 sine
308 1593 388 1630 lnd.
415 1604 429 1628 1
442 1599 520 1633 188,
535 1605 566 1628 e.
586 1598 616 1629 εἰ
632 1590 681 1637 μή
702 1609 754 1635 τις
773 1596 888 1636 αὐτοῖς
906 1599 967 1636 τῆν
987 1592 1206 1638 καθ’ἧμέςκν
1225 1599 1351 1638 τροφὴν
1369 1588 1480 1632 διέσει,
1505 1590 1546 1629 it.
1559 1589 1643 1637 syn.

126 1646 212 1685 Ael.
233 1645 279 1679 V.
301 1643 338 1678 h.
363 1653 394 1689 3,
416 1653 472 1685 29.
493 1646 564 1685 βίον
584 1639 672 1686 ἔχων
688 1649 743 1680 τὸν
760 1639 936 1688 ἐφήμερον,
959 1642 1042 1679 se—
1060 1644 1098 1677 in
1118 1643 1216 1678 diem
1237 1642 1374 1682 vivere,
1395 1640 1458 1677 sed
1469 1639 1550 1676 Ind.
1563 1652 1597 1674 ν.
1608 1646 1642 1687 β.

126 1696 291 1737 „vinum
312 1691 426 1727 unius
446 1691 520 1726 diei
540 1702 686 1727 tantum
707 1692 866 1727 habens“
893 1692 935 1728 it.
954 1690 1181 1728 EunElechx
1203 1704 1234 1725 ν.
1249 1701 1331 1737 235.
1349 1686 1370 1733 ἧ
1388 1707 1453 1728 που
1470 1691 1643 1736 σπανίζων

126 1747 188 1783 τοῦ
211 1743 290 1782 καθ’
307 1741 433 1786 ἡμέραν
460 1745 555 1786 {2²⁵³st
592 1753 673 1776 num
703 1740 914 1788 quotidiani
945 1741 1062 1777 vitius
1090 1739 1217 1787 inopia
1245 1741 1415 1777 laborat?
1448 1738 1514 1776 ubi
1534 1740 1643 1780 Bam,

123 1801 316 1839 comparat
337 1791 382 1826 N.
396 1791 444 1825 T.
467 1785 595 1828 ἐπιοῦσ.
617 1788 721 1835 ἄρτος
736 1816 747 1833 ,
771 1802 880 1838 utap.
894 1795 1042 1837 po'e'tam
1061 1790 1170 1827 etiam
1192 1800 1438 1837 opponuntur
1449 1788 1489 1825 in
1500 1787 1642 1825 Phoen.

127 1857 160 1880 v.
183 1846 265 1887 561.
291 1839 310 1878 ὅ
329 1839 356 1878 δ’
379 1836 478 1884 ἕλβος
497 1841 534 1876 οὔ
556 1846 712 1885 βέβαιος,
736 1839 815 1877 ἀλλ’
829 1839 1016 1887 ἐφήμερος,
1053 1838 1245 1885 opulentia
1261 1839 1353 1874 enim
1371 1850 1452 1875 non
1469 1836 1518 1887 est
1535 1837 1643 1874 stabi-

124 1893 193 1935 lis,
212 1890 335 1942 sedin
357 1890 469 1930 diem,
497 1889 562 1924 u'ui
583 1888 747 1934 Schohp‘
764 1892 798 1927 δὲ
817 1891 964 1932 πλοῦτος
984 1893 1021 1927 οὗ
1039 1887 1195 1933 μόνιμος,
1224 1893 1315 1926 ἀλλὰ
1331 1884 1557 1935 redeantque,
1590 1885 1644 1924 cfss

125 1944 173 1980 de
186 1947 239 1989 ἐφ.
256 1953 287 1982 1,
305 1952 334 1980 1,
347 1950 380 1983 7.
401 1947 441 1974 et
452 1939 512 1987 Bg.
526 1939 608 1974 Alc.
626 1951 656 1981 1,
673 1947 727 1980 18.
741 1942 846 1987 p.63.
858 1952 904 1974 m.
917 1963 928 1981 ,
952 1939 1057 1986 quod
1067 1937 1139 1976 adi.
1151 1950 1249 1975 unus
1262 1939 1335 1974 Ms.
1356 1936 1459 1974 auxit
1477 1936 1640 1974 articulo

129 2005 195 2040 per
213 1989 360 2039 glossam
381 2001 401 2024 e
422 1987 673 2033 superioribus
686 1987 846 2025 aliorum
864 1988 960 2025 locis
973 2013 984 2029 ‚
1011 1987 1059 2024 de
1074 2001 1179 2024 more
1198 1988 1275 2028 suo,
1299 1986 1360 2023 sed
1379 1986 1441 2024 hic
1455 1997 1543 2025 ante
1553 1985 1642 2031 adi.⁸

123 2041 226 2090 quod
245 2053 289 2075 ex
311 2035 451 2073 incuria
472 2034 608 2073 scribae
630 2037 776 2084 potius,
810 2049 920 2085 quam
941 2037 1136 2075 voluntate
1160 2035 1345 2084 privatum
1365 2035 1428 2073 suo
1446 2035 1551 2072 subst.
1571 2050 1643 2082 rga,

126 2103 168 2128 ut
190 2102 229 2127 et
251 2089 338 2125 alias
356 2085 430 2122 fine
451 2085 588 2122 idonea
607 2087 709 2123 causa
729 2097 769 2124 et
794 2085 990 2124 vicinitate
1008 2086 1232 2126 exciderunt
1253 2097 1389 2127 voces.
1421 2097 1505 2122 cum
1526 2084 1642 2122 nimis

124 2138 296 2187 ambigua
323 2134 367 2172 fit
391 2134 430 2170 in
458 2134 628 2172 absolute
655 2134 774 2182 polito
805 2140 859 2182 ἐφ.
879 2135 1035 2183 ellipsis,
1069 2148 1141 2171 nec
1171 2134 1236 2171 illa
1255 2133 1412 2172 Martini
1435 2147 1457 2170 e
1474 2133 1528 2182 sq.
1555 2132 1642 2171 sati:

121 2187 314 2238 perspicua
333 2197 372 2221 et
390 2183 536 2232 poetica
558 2184 673 2233 magis
686 2209 697 2228 ‚
721 2196 805 2221 cum
830 2185 998 2233 proxime
1015 2186 1189 2234 sequatur
1206 2183 1333 2226 subst.,
1355 2183 1459 2232 quod
1471 2182 1644 2232 praemiss

122 2238 205 2277 sum
223 2237 409 2274 leniorem
429 2246 505 2270 rem
519 2231 652 2275 faciat,
679 2247 752 2270 v.c.
773 2240 834 2275 τὴν
849 2239 905 2280 ἐφ.
921 2239 1033 2281 ἀρχὴν
1051 2237 1162 2281 κέρδος
1180 2242 1241 2276 τῆς
1261 2229 1350 2272 οὕτω
1369 2238 1510 2281 βεβαίας
1519 2235 1644 2280 γομιζ,ι
1688 2251 1689 2255 =

123 2299 340 2336 quanquam
359 2283 418 2320 vel
437 2282 482 2320 fic
504 2283 729 2320 sententiam
749 2284 886 2320 bonam
912 2285 995 2330 quis
1025 2283 1208 2321 desideret
1225 2283 1265 2320 in
1284 2282 1342 2318 his
1355 2308 1366 2326 ,
1400 2283 1505 2329 unius
1520 2282 1593 2319 diei
1612 2280 1641 2322 s.

124 2338 231 2374 breve
247 2335 432 2384 imperium
446 2342 580 2379 putan:
598 2334 734 2369 lucrum
753 2333 922 2369 nonduin
933 2332 1080 2381 stabilis
1099 2333 1256 2381 imperii,
1286 2331 1492 2382 cogitante,
1513 2330 1640 2375 credo,

123 2386 315 2428 Martino‚
346 2383 510 2431 Nigrum
528 2394 645 2418 unum
666 2392 705 2418 et
723 2381 947 2419 sententiam
973 2383 1092 2425 hanc,
1122 2393 1162 2419 ut
1183 2382 1263 2430 quis
1281 2382 1388 2419 breve
1409 2380 1641 2431 quantumvis

126 2446 162 2472 et
180 2435 357 2483 infirmum
375 2432 560 2479 imperium
577 2441 694 2468 tamen
710 2440 775 2481 pro
793 2432 890 2468 lucro
908 2445 951 2468 ac
965 2430 1154 2478 felicitate
1173 2440 1311 2487 reputet
1323 2455 1335 2473 ,
1368 2440 1432 2467 aut
1441 2430 1554 2467 breve
1572 2430 1640 2467 im.

126 2496 275 2533 perium
294 2482 425 2521 melius
435 2480 505 2517 effe
516 2481 641 2525 nulle,¹
663 2490 703 2516 et
715 2480 784 2517 ess'e
805 2481 922 2517 maius
940 2480 1109 2524 lucrum,
1134 2493 1244 2528 quam
1255 2479 1452 2528 imperium
1470 2476 1614 2516 nullum
1630 2477 1645 2523 ς’
1676 2498 1686 2527 ,ς
1716 2479 1717 2482 ’

126 2545 222 2582 quae
247 2545 372 2570 tamen
392 2543 469 2567 non
487 2529 616 2567 insunt
633 2530 673 2567 in
692 2531 758 2566 Gr.
772 2554 783 2572 ,
812 2530 875 2567 ubi
895 2528 981 2566 Rsk.
1001 2542 1084 2579 gen.
1103 2538 1233 2578 τρυφῆς
1262 2530 1307 2566 ad
1322 2528 1465 2566 sensum
1482 2527 1645 2578 quidem.=
1674 2538 1681 2571 ·,’
1714 2570 1717 2575 ,

122 2582 221 2620 nihil
240 2594 378 2625 novat,
409 2577 553 2616 faciens
572 2578 687 2616 modo
709 2584 764 2625 ἐφ.
781 2589 958 2616 neutrum
978 2592 1046 2628 pro
1065 2580 1193 2620 subst..
1227 2591 1266 2616 et
1293 2577 1524 2616 conveniens
1549 2589 1645 2627 cum,
1672 2582 1683 2614 Γ
1713 2578 1716 2585 ’

123 2633 206 2680 Stp.
226 2631 432 2669 conicftura
446 2652 458 2670 ,
490 2628 554 2666 sed
575 2640 728 2676 propter
746 2627 784 2664 id
804 2627 923 2674 ipsum
943 2641 1022 2665 non
1041 2629 1091 2665 est
1108 2627 1358 2675 necessarius„
1386 2637 1431 2665 ut
1448 2629 1512 2677 Bg.
1535 2626 1645 2664 ratio.
1678 2631 1681 2634 '
1713 2624 1717 2631 ’

122 2679 163 2717 in
183 2681 334 2718 assumta
352 2678 433 2728 post
452 2679 587 2714 lucrum
604 2690 732 2725 praep.
748 2677 862 2713 modo
885 2677 1050 2725 pertinet
1069 2679 1115 2716 ad
1135 2677 1435 2732 perspicuitatem
1455 2686 1498 2714 et
1513 2675 1642 2714 vitam.
1674 2682 1675 2685 ’
1710 2702 1712 2709 .

118 2730 204 2767 dam
223 2728 505 2777 ambiguitatem
524 2727 563 2765 in
584 2739 661 2762 acc.
683 2726 786 2780 dupl.
806 2726 872 2763 Gr.
893 2737 930 2762 ct
949 2726 1104 2774 Larga-9.
1123 2740 1163 2763 ac
1181 2743 1213 2764 κ.
1233 2726 1451 2772 ill-Vicina,
1476 2737 1552 2774 quo
1571 2737 1646 2775 era-t

113 2779 202 2817 dem
230 2778 386 2816 confluo
406 2774 680 2814 distinetionem
698 2774 779 2824 post
797 2791 852 2822 re.
870 2775 1034 2813 editores
1050 2775 1266 2817 adhibuere,
1290 2787 1370 2812 uon
1388 2773 1491 2812 illam
1509 2784 1642 2828 tamen.
