<?xml version="1.0" encoding="UTF-8"?>
<!DOCTYPE html PUBLIC "-//W3C//DTD XHTML 1.0 Transitional//EN"
    "http://www.w3.org/TR/xhtml1/DTD/xhtml1-transitional.dtd">
<html xmlns="http://www.w3.org/1999/xhtml" xml:lang="en" lang="en">
 <head>
  <title>
</title>
<meta http-equiv="Content-Type" content="text/html;charset=utf-8" />
  <meta name='ocr-system' content='tesseract 3.04.00' />
  <meta name='ocr-capabilities' content='ocr_page ocr_carea ocr_par ocr_line ocrx_word'/>
</head>
<body>
  <div class='ocr_page' id='page_1' title='image "./historiarumlibri02hero/historiarumlibri02hero_0043.png"; bbox 0 0 1687 3137; ppageno 0'>
   <div class='ocr_carea' id='block_1_1' title="bbox 1450 140 1620 171">
    <p class='ocr_par' dir='ltr' id='par_1_1' title="bbox 1450 140 1620 171">
     <span class='ocr_line' id='line_1_1' title="bbox 1450 140 1620 171; baseline 0.018 -3"><span class='ocrx_word' id='word_1_1' title='bbox 1450 140 1620 171; x_wconf 67' lang='lat' dir='ltr'>XXXV</span> 
     </span>
    </p>
   </div>
   <div class='ocr_carea' id='block_1_2' title="bbox 62 229 1624 2856">
    <p class='ocr_par' dir='ltr' id='par_1_2' title="bbox 75 229 1624 832">
     <span class='ocr_line' id='line_1_2' title="bbox 78 229 1617 285; baseline -0.001 -11"><span class='ocrx_word' id='word_1_2' title='bbox 78 235 205 278; x_wconf 66' lang='lat' dir='ltr'>dum.</span> <span class='ocrx_word' id='word_1_3' title='bbox 229 232 280 272; x_wconf 78' lang='lat' dir='ltr'><strong>cf.</strong></span> <span class='ocrx_word' id='word_1_4' title='bbox 301 233 347 273; x_wconf 74' lang='lat' dir='ltr'>nd</span> <span class='ocrx_word' id='word_1_5' title='bbox 367 234 482 273; x_wconf 71' lang='lat' dir='ltr'>ovid.</span> <span class='ocrx_word' id='word_1_6' title='bbox 503 232 600 272; x_wconf 82' lang='lat' dir='ltr'>Met.</span> <span class='ocrx_word' id='word_1_7' title='bbox 632 239 690 281; x_wconf 85' lang='lat'>13,</span> <span class='ocrx_word' id='word_1_8' title='bbox 709 240 792 281; x_wconf 85' lang='lat'><strong>439.</strong></span> <span class='ocrx_word' id='word_1_9' title='bbox 814 229 922 272; x_wconf 57' lang='grc' dir='ltr'><strong>Εἶεν.</strong></span> <span class='ocrx_word' id='word_1_10' title='bbox 948 242 987 272; x_wconf 87' lang='lat' dir='ltr'>et</span> <span class='ocrx_word' id='word_1_11' title='bbox 1009 231 1095 271; x_wconf 73' lang='lat' dir='ltr'>Eur.</span> <span class='ocrx_word' id='word_1_12' title='bbox 1123 233 1221 272; x_wconf 82' lang='lat' dir='ltr'>Hee.</span> <span class='ocrx_word' id='word_1_13' title='bbox 1242 232 1304 272; x_wconf 86' lang='lat' dir='ltr'>ed.</span> <span class='ocrx_word' id='word_1_14' title='bbox 1331 232 1471 272; x_wconf 77' lang='lat' dir='ltr'>Brunk.</span> <span class='ocrx_word' id='word_1_15' title='bbox 1501 248 1536 272; x_wconf 89' lang='lat' dir='ltr'><strong>v.</strong></span> <span class='ocrx_word' id='word_1_16' title='bbox 1556 247 1617 285; x_wconf 84' lang='lat'>37.</span> 
     </span>
     <span class='ocr_line' id='line_1_3' title="bbox 78 283 1624 333; baseline 0.001 -10"><span class='ocrx_word' id='word_1_17' title='bbox 78 291 214 332; x_wconf 71' lang='grc' dir='ltr'><strong><em>τύμβσυ</em></strong></span> <span class='ocrx_word' id='word_1_18' title='bbox 229 283 273 322; x_wconf 81' lang='lat' dir='ltr'>it.</span> <span class='ocrx_word' id='word_1_19' title='bbox 295 298 355 331; x_wconf 79' lang='lat'>41.</span> <span class='ocrx_word' id='word_1_20' title='bbox 372 299 433 332; x_wconf 84' lang='lat'>91.</span> <span class='ocrx_word' id='word_1_21' title='bbox 454 297 524 323; x_wconf 85' lang='lat' dir='ltr'>etc.</span> <span class='ocrx_word' id='word_1_22' title='bbox 550 283 611 320; x_wconf 86' lang='lat' dir='ltr'>sed</span> <span class='ocrx_word' id='word_1_23' title='bbox 634 291 691 321; x_wconf 68' lang='grc' dir='ltr'>τεν</span> <span class='ocrx_word' id='word_1_24' title='bbox 711 283 905 330; x_wconf 67' lang='grc' dir='ltr'><strong><em>Ἀχίλλειον</em></strong></span> <span class='ocrx_word' id='word_1_25' title='bbox 923 289 1057 329; x_wconf 76' lang='grc' dir='ltr'>τύμβον</span> <span class='ocrx_word' id='word_1_26' title='bbox 1078 297 1113 320; x_wconf 89' lang='grc' dir='ltr'>ν.</span> <span class='ocrx_word' id='word_1_27' title='bbox 1139 297 1219 332; x_wconf 85' lang='lat'><strong>124.</strong></span> <span class='ocrx_word' id='word_1_28' title='bbox 1238 296 1279 322; x_wconf 85' lang='lat' dir='ltr'>et</span> <span class='ocrx_word' id='word_1_29' title='bbox 1297 285 1388 333; x_wconf 65' lang='grc' dir='ltr'>κῶμ’</span> <span class='ocrx_word' id='word_1_30' title='bbox 1417 283 1624 333; x_wconf 64' lang='grc' dir='ltr'>Ἀχιλλείου.</span> 
     </span>
     <span class='ocr_line' id='line_1_4' title="bbox 77 333 1620 384; baseline 0.001 -12"><span class='ocrx_word' id='word_1_31' title='bbox 77 341 192 382; x_wconf 73' lang='grc' dir='ltr'><strong><em>τάφου</em></strong></span> <span class='ocrx_word' id='word_1_32' title='bbox 210 347 245 371; x_wconf 87' lang='grc' dir='ltr'>ν.</span> <span class='ocrx_word' id='word_1_33' title='bbox 267 347 309 371; x_wconf 89' lang='grc'>22</span> <span class='ocrx_word' id='word_1_34' title='bbox 320 348 351 372; x_wconf 83' lang='grc' dir='ltr'>ι.</span> <span class='ocrx_word' id='word_1_35' title='bbox 374 336 436 371; x_wconf 87' lang='lat' dir='ltr'>sed</span> <span class='ocrx_word' id='word_1_36' title='bbox 455 342 557 382; x_wconf 72' lang='grc' dir='ltr'>τάφῳ</span> <span class='ocrx_word' id='word_1_37' title='bbox 580 346 663 379; x_wconf 82' lang='lat'>505,</span> <span class='ocrx_word' id='word_1_38' title='bbox 690 333 751 370; x_wconf 88' lang='lat' dir='ltr'>sed</span> <span class='ocrx_word' id='word_1_39' title='bbox 771 345 855 370; x_wconf 85' lang='lat' dir='ltr'>cum</span> <span class='ocrx_word' id='word_1_40' title='bbox 878 333 1016 370; x_wconf 85' lang='lat' dir='ltr'>Nostro</span> <span class='ocrx_word' id='word_1_41' title='bbox 1040 346 1074 370; x_wconf 88' lang='lat' dir='ltr'><strong>v.</strong></span> <span class='ocrx_word' id='word_1_42' title='bbox 1094 335 1143 371; x_wconf 88' lang='lat' dir='ltr'>N.</span> <span class='ocrx_word' id='word_1_43' title='bbox 1164 335 1217 382; x_wconf 87' lang='lat' dir='ltr'>sq.</span> <span class='ocrx_word' id='word_1_44' title='bbox 1239 347 1282 371; x_wconf 85' lang='lat' dir='ltr'>ex</span> <span class='ocrx_word' id='word_1_45' title='bbox 1295 337 1379 372; x_wconf 90' lang='lat' dir='ltr'>Ael.</span> <span class='ocrx_word' id='word_1_46' title='bbox 1403 356 1439 362; x_wconf 91' lang='lat'>—-</span> <span class='ocrx_word' id='word_1_47' title='bbox 1466 349 1506 384; x_wconf 85' lang='lat' dir='ltr'><strong>p.</strong></span> <span class='ocrx_word' id='word_1_48' title='bbox 1533 347 1620 384; x_wconf 80' lang='lat'><strong>923.</strong></span> 
     </span>
     <span class='ocr_line' id='line_1_5' title="bbox 77 382 1618 437; baseline 0.001 -15"><span class='ocrx_word' id='word_1_49' title='bbox 77 386 108 422; x_wconf 84' lang='grc' dir='ltr'>Ι.</span> <span class='ocrx_word' id='word_1_50' title='bbox 132 388 188 432; x_wconf 83' lang='lat'><strong>36.</strong></span> <span class='ocrx_word' id='word_1_51' title='bbox 210 385 352 422; x_wconf 80' lang='lat' dir='ltr'>Graeca</span> <span class='ocrx_word' id='word_1_52' title='bbox 374 399 416 422; x_wconf 82' lang='lat' dir='ltr'>ex</span> <span class='ocrx_word' id='word_1_53' title='bbox 435 385 580 434; x_wconf 85' lang='lat' dir='ltr'>analog.</span> <span class='ocrx_word' id='word_1_54' title='bbox 600 382 764 419; x_wconf 87' lang='lat' dir='ltr'>vicinius</span> <span class='ocrx_word' id='word_1_55' title='bbox 788 404 823 410; x_wconf 92' lang='lat'>—-</span> <span class='ocrx_word' id='word_1_56' title='bbox 853 397 888 432; x_wconf 87' lang='lat' dir='ltr'>p.</span> <span class='ocrx_word' id='word_1_57' title='bbox 909 395 992 429; x_wconf 75' lang='lat'><strong>925.</strong></span> <span class='ocrx_word' id='word_1_58' title='bbox 1013 383 1119 420; x_wconf 81' lang='lat'><strong>1..11.</strong></span> <span class='ocrx_word' id='word_1_59' title='bbox 1140 396 1273 432; x_wconf 67' lang='lat' dir='ltr'>prom,</span> <span class='ocrx_word' id='word_1_60' title='bbox 1301 384 1363 422; x_wconf 90' lang='lat' dir='ltr'>sed</span> <span class='ocrx_word' id='word_1_61' title='bbox 1386 398 1450 432; x_wconf 87' lang='lat' dir='ltr'>per</span> <span class='ocrx_word' id='word_1_62' title='bbox 1469 389 1618 437; x_wconf 72' lang='lat' dir='ltr'>analog-</span> 
     </span>
     <span class='ocr_line' id='line_1_6' title="bbox 77 432 1618 483; baseline 0.002 -12"><span class='ocrx_word' id='word_1_63' title='bbox 77 434 120 473; x_wconf 82' lang='lat' dir='ltr'>in</span> <span class='ocrx_word' id='word_1_64' title='bbox 141 434 310 482; x_wconf 85' lang='lat' dir='ltr'>compos.</span> <span class='ocrx_word' id='word_1_65' title='bbox 337 447 424 473; x_wconf 89' lang='lat' dir='ltr'>cum</span> <span class='ocrx_word' id='word_1_66' title='bbox 455 447 541 483; x_wconf 79' lang='lat' dir='ltr'>prae</span> <span class='ocrx_word' id='word_1_67' title='bbox 572 461 581 470; x_wconf 89' lang='lat'><strong>.</strong></span> <span class='ocrx_word' id='word_1_68' title='bbox 608 432 668 471; x_wconf 86' lang='lat' dir='ltr'>sua</span> <span class='ocrx_word' id='word_1_69' title='bbox 699 433 856 475; x_wconf 88' lang='lat' dir='ltr'>Noster,</span> <span class='ocrx_word' id='word_1_70' title='bbox 883 433 933 469; x_wconf 85' lang='lat' dir='ltr'><strong>cf.</strong></span> <span class='ocrx_word' id='word_1_71' title='bbox 962 444 1048 470; x_wconf 89' lang='lat' dir='ltr'>cum</span> <span class='ocrx_word' id='word_1_72' title='bbox 1077 438 1112 477; x_wconf 79' lang='grc' dir='ltr'>ἐς</span> <span class='ocrx_word' id='word_1_73' title='bbox 1142 436 1338 480; x_wconf 74' lang='grc' dir='ltr'><strong><em>Αἴγυπτον,</em></strong></span> <span class='ocrx_word' id='word_1_74' title='bbox 1366 435 1416 471; x_wconf 87' lang='lat' dir='ltr'><strong>sc.</strong></span> <span class='ocrx_word' id='word_1_75' title='bbox 1447 440 1618 480; x_wconf 57' lang='grc' dir='ltr'><strong>ἐπιπλεῖν.</strong></span> 
     </span>
     <span class='ocr_line' id='line_1_7' title="bbox 79 483 1618 532; baseline 0.003 -13"><span class='ocrx_word' id='word_1_76' title='bbox 79 484 239 526; x_wconf 61' lang='lat' dir='ltr'>Her-dt„</span> <span class='ocrx_word' id='word_1_77' title='bbox 271 483 314 523; x_wconf 81' lang='lat' dir='ltr'>it.</span> <span class='ocrx_word' id='word_1_78' title='bbox 337 496 424 522; x_wconf 88' lang='lat' dir='ltr'>cum</span> <span class='ocrx_word' id='word_1_79' title='bbox 451 490 506 523; x_wconf 67' lang='grc' dir='ltr'>ἐπὶ</span> <span class='ocrx_word' id='word_1_80' title='bbox 549 496 610 521; x_wconf 76' lang='lat' dir='ltr'>nne</span> <span class='ocrx_word' id='word_1_81' title='bbox 630 483 709 521; x_wconf 88' lang='lat' dir='ltr'>lnd.</span> <span class='ocrx_word' id='word_1_82' title='bbox 729 483 814 519; x_wconf 89' lang='lat' dir='ltr'>Ael.</span> <span class='ocrx_word' id='word_1_83' title='bbox 838 485 883 519; x_wconf 89' lang='lat' dir='ltr'>V.</span> <span class='ocrx_word' id='word_1_84' title='bbox 901 484 939 519; x_wconf 85' lang='lat' dir='ltr'><strong>h.</strong></span> <span class='ocrx_word' id='word_1_85' title='bbox 961 496 994 525; x_wconf 86' lang='lat'>2,</span> <span class='ocrx_word' id='word_1_86' title='bbox 1019 495 1072 528; x_wconf 81' lang='lat'>¹7·</span> <span class='ocrx_word' id='word_1_87' title='bbox 1093 497 1125 520; x_wconf 91' lang='lat' dir='ltr'>e.</span> <span class='ocrx_word' id='word_1_88' title='bbox 1152 486 1190 522; x_wconf 88' lang='lat' dir='ltr'><strong>L.</strong></span> <span class='ocrx_word' id='word_1_89' title='bbox 1211 483 1290 521; x_wconf 82' lang='lat' dir='ltr'><strong>Bos.</strong></span> <span class='ocrx_word' id='word_1_90' title='bbox 1321 485 1392 522; x_wconf 80' lang='lat' dir='ltr'>Eu.</span> <span class='ocrx_word' id='word_1_91' title='bbox 1415 497 1454 532; x_wconf 87' lang='lat' dir='ltr'><strong>p.</strong></span> <span class='ocrx_word' id='word_1_92' title='bbox 1479 498 1560 530; x_wconf 81' lang='lat'><strong>199.</strong></span> <span class='ocrx_word' id='word_1_93' title='bbox 1585 499 1618 523; x_wconf 85' lang='lat' dir='ltr'>e.</span> 
     </span>
     <span class='ocr_line' id='line_1_8' title="bbox 78 533 1618 582; baseline 0 -10"><span class='ocrx_word' id='word_1_94' title='bbox 78 535 157 572; x_wconf 86' lang='lat' dir='ltr'>Pal.</span> <span class='ocrx_word' id='word_1_95' title='bbox 185 534 239 571; x_wconf 80' lang='lat' dir='ltr'>Fi.</span> <span class='ocrx_word' id='word_1_96' title='bbox 263 543 322 580; x_wconf 84' lang='lat'>32,</span> <span class='ocrx_word' id='word_1_97' title='bbox 348 547 406 579; x_wconf 77' lang='lat'>1⁴·</span> <span class='ocrx_word' id='word_1_98' title='bbox 425 536 516 572; x_wconf 76' lang='lat' dir='ltr'><strong>Abr.</strong></span> <span class='ocrx_word' id='word_1_99' title='bbox 540 534 604 572; x_wconf 87' lang='lat' dir='ltr'>Dl.</span> <span class='ocrx_word' id='word_1_100' title='bbox 628 533 701 569; x_wconf 88' lang='lat' dir='ltr'><strong>Th.</strong></span> <span class='ocrx_word' id='word_1_101' title='bbox 723 534 765 571; x_wconf 85' lang='lat' dir='ltr'><strong>L.</strong></span> <span class='ocrx_word' id='word_1_102' title='bbox 778 534 885 570; x_wconf 90' lang='lat' dir='ltr'><strong>N.T.</strong></span> <span class='ocrx_word' id='word_1_103' title='bbox 907 533 971 570; x_wconf 90' lang='lat' dir='ltr'>ubi</span> <span class='ocrx_word' id='word_1_104' title='bbox 994 545 1032 570; x_wconf 88' lang='lat' dir='ltr'>et</span> <span class='ocrx_word' id='word_1_105' title='bbox 1053 544 1139 571; x_wconf 88' lang='lat' dir='ltr'>cum</span> <span class='ocrx_word' id='word_1_106' title='bbox 1162 540 1265 580; x_wconf 71' lang='grc' dir='ltr'><strong><em>πρὸς,</em></strong></span> <span class='ocrx_word' id='word_1_107' title='bbox 1291 546 1335 572; x_wconf 78' lang='lat' dir='ltr'>nt</span> <span class='ocrx_word' id='word_1_108' title='bbox 1353 535 1542 582; x_wconf 83' lang='lat' dir='ltr'>ap.Suid.,</span> <span class='ocrx_word' id='word_1_109' title='bbox 1567 535 1618 574; x_wconf 86' lang='lat' dir='ltr'><strong>cf.</strong></span> 
     </span>
     <span class='ocr_line' id='line_1_9' title="bbox 79 582 1618 632; baseline 0.001 -11"><span class='ocrx_word' id='word_1_110' title='bbox 79 584 120 621; x_wconf 92' lang='lat' dir='ltr'>in</span> <span class='ocrx_word' id='word_1_111' title='bbox 143 583 207 621; x_wconf 65' lang='lat' dir='ltr'>ast.</span> <span class='ocrx_word' id='word_1_112' title='bbox 230 583 379 632; x_wconf 71' lang='lat' dir='ltr'>physice</span> <span class='ocrx_word' id='word_1_113' title='bbox 399 586 518 622; x_wconf 87' lang='lat' dir='ltr'>Hom.</span> <span class='ocrx_word' id='word_1_114' title='bbox 539 586 633 622; x_wconf 69' lang='grc' dir='ltr'><strong>ἔπεθ.</strong></span> <span class='ocrx_word' id='word_1_115' title='bbox 655 582 695 619; x_wconf 88' lang='lat' dir='ltr'>it.</span> <span class='ocrx_word' id='word_1_116' title='bbox 718 583 866 630; x_wconf 82' lang='lat' dir='ltr'>tropice</span> <span class='ocrx_word' id='word_1_117' title='bbox 889 582 983 619; x_wconf 83' lang='lat' dir='ltr'><strong>Hsd.</strong></span> <span class='ocrx_word' id='word_1_118' title='bbox 1004 590 1032 626; x_wconf 73' lang='grc' dir='ltr'>ἑ,</span> <span class='ocrx_word' id='word_1_119' title='bbox 1056 585 1258 630; x_wconf 80' lang='lat' dir='ltr'><strong>332.Polb.</strong></span> <span class='ocrx_word' id='word_1_120' title='bbox 1280 596 1366 621; x_wconf 88' lang='lat' dir='ltr'>cum</span> <span class='ocrx_word' id='word_1_121' title='bbox 1382 584 1470 621; x_wconf 76' lang='lat' dir='ltr'><strong>Rsk.</strong></span> <span class='ocrx_word' id='word_1_122' title='bbox 1494 586 1554 621; x_wconf 90' lang='lat' dir='ltr'>Di.</span> <span class='ocrx_word' id='word_1_123' title='bbox 1567 587 1618 623; x_wconf 86' lang='lat' dir='ltr'><strong>H.</strong></span> 
     </span>
     <span class='ocr_line' id='line_1_10' title="bbox 79 630 1621 683; baseline 0.001 -12"><span class='ocrx_word' id='word_1_124' title='bbox 79 630 130 671; x_wconf 74' lang='grc' dir='ltr'>Τ.</span> <span class='ocrx_word' id='word_1_125' title='bbox 146 647 177 669; x_wconf 90' lang='lat'><strong>2.</strong></span> <span class='ocrx_word' id='word_1_126' title='bbox 198 633 290 672; x_wconf 79' lang='lat' dir='ltr'><strong>Poss&#39;.</strong></span> <span class='ocrx_word' id='word_1_127' title='bbox 311 635 372 671; x_wconf 88' lang='lat' dir='ltr'>Ca.</span> <span class='ocrx_word' id='word_1_128' title='bbox 395 646 474 671; x_wconf 86' lang='lat' dir='ltr'>tum</span> <span class='ocrx_word' id='word_1_129' title='bbox 496 632 536 670; x_wconf 86' lang='lat' dir='ltr'>in</span> <span class='ocrx_word' id='word_1_130' title='bbox 551 633 649 670; x_wconf 80' lang='lat' dir='ltr'>varia</span> <span class='ocrx_word' id='word_1_131' title='bbox 670 633 769 672; x_wconf 79' lang='lat' dir='ltr'>Call.</span> <span class='ocrx_word' id='word_1_132' title='bbox 788 633 872 670; x_wconf 80' lang='lat' dir='ltr'>Ael.</span> <span class='ocrx_word' id='word_1_133' title='bbox 896 634 917 669; x_wconf 86' lang='lat' dir='ltr'>l.</span> <span class='ocrx_word' id='word_1_134' title='bbox 944 633 966 669; x_wconf 88' lang='lat' dir='ltr'>l.</span> <span class='ocrx_word' id='word_1_135' title='bbox 989 633 1079 670; x_wconf 88' lang='lat' dir='ltr'><strong>Luc.</strong></span> <span class='ocrx_word' id='word_1_136' title='bbox 1099 635 1218 683; x_wconf 87' lang='lat' dir='ltr'>Long.</span> <span class='ocrx_word' id='word_1_137' title='bbox 1239 634 1289 670; x_wconf 84' lang='lat' dir='ltr'><strong>M.</strong></span> <span class='ocrx_word' id='word_1_138' title='bbox 1310 633 1375 671; x_wconf 83' lang='lat' dir='ltr'>sed</span> <span class='ocrx_word' id='word_1_139' title='bbox 1396 635 1435 670; x_wconf 84' lang='lat' dir='ltr'>in</span> <span class='ocrx_word' id='word_1_140' title='bbox 1457 635 1556 673; x_wconf 87' lang='lat' dir='ltr'>med.</span> <span class='ocrx_word' id='word_1_141' title='bbox 1577 636 1621 673; x_wconf 81' lang='lat' dir='ltr'>fi·</span> 
     </span>
     <span class='ocr_line' id='line_1_11' title="bbox 81 683 1620 733; baseline 0.002 -13"><span class='ocrx_word' id='word_1_142' title='bbox 81 683 160 720; x_wconf 80' lang='lat' dir='ltr'>mul</span> <span class='ocrx_word' id='word_1_143' title='bbox 181 685 241 722; x_wconf 80' lang='lat' dir='ltr'><strong>Rs.</strong></span> <span class='ocrx_word' id='word_1_144' title='bbox 260 684 308 720; x_wconf 92' lang='grc' dir='ltr'>Ο.</span> <span class='ocrx_word' id='word_1_145' title='bbox 328 685 375 720; x_wconf 89' lang='lat' dir='ltr'>V.</span> <span class='ocrx_word' id='word_1_146' title='bbox 398 697 433 729; x_wconf 80' lang='grc'>4.</span> <span class='ocrx_word' id='word_1_147' title='bbox 452 689 483 722; x_wconf 88' lang='lat'>6.</span> <span class='ocrx_word' id='word_1_148' title='bbox 505 696 538 728; x_wconf 79' lang='lat'><strong>7.</strong></span> <span class='ocrx_word' id='word_1_149' title='bbox 563 692 594 724; x_wconf 86' lang='lat'><strong>8.</strong></span> <span class='ocrx_word' id='word_1_150' title='bbox 627 683 680 720; x_wconf 85' lang='lat' dir='ltr'>Fi.</span> <span class='ocrx_word' id='word_1_151' title='bbox 701 683 799 720; x_wconf 88' lang='lat' dir='ltr'>The.</span> <span class='ocrx_word' id='word_1_152' title='bbox 820 695 859 720; x_wconf 87' lang='lat' dir='ltr'>et</span> <span class='ocrx_word' id='word_1_153' title='bbox 878 684 949 719; x_wconf 74' lang='lat' dir='ltr'>Pal.</span> <span class='ocrx_word' id='word_1_154' title='bbox 972 683 1031 718; x_wconf 73' lang='lat' dir='ltr'>Fa.</span> <span class='ocrx_word' id='word_1_155' title='bbox 1052 683 1118 719; x_wconf 84' lang='lat' dir='ltr'>Ae.</span> <span class='ocrx_word' id='word_1_156' title='bbox 1145 684 1243 720; x_wconf 84' lang='lat' dir='ltr'>Xen.</span> <span class='ocrx_word' id='word_1_157' title='bbox 1266 685 1354 733; x_wconf 79' lang='lat' dir='ltr'><strong>Cyr.</strong></span> <span class='ocrx_word' id='word_1_158' title='bbox 1375 684 1472 731; x_wconf 74' lang='grc' dir='ltr'><strong>Ἀνβ.</strong></span> <span class='ocrx_word' id='word_1_159' title='bbox 1507 686 1620 725; x_wconf 80' lang='lat' dir='ltr'><strong>Bach.</strong></span> 
     </span>
     <span class='ocr_line' id='line_1_12' title="bbox 81 730 1618 784; baseline 0.002 -13"><span class='ocrx_word' id='word_1_160' title='bbox 81 745 123 771; x_wconf 83' lang='lat' dir='ltr'>et</span> <span class='ocrx_word' id='word_1_161' title='bbox 145 734 197 770; x_wconf 88' lang='lat' dir='ltr'>M.</span> <span class='ocrx_word' id='word_1_162' title='bbox 220 736 256 770; x_wconf 85' lang='lat' dir='ltr'><strong>S.</strong></span> <span class='ocrx_word' id='word_1_163' title='bbox 282 753 318 761; x_wconf 90' lang='lat'>--</span> <span class='ocrx_word' id='word_1_164' title='bbox 345 746 382 781; x_wconf 86' lang='lat' dir='ltr'><strong>p.</strong></span> <span class='ocrx_word' id='word_1_165' title='bbox 405 746 487 779; x_wconf 80' lang='lat'><strong>927.</strong></span> <span class='ocrx_word' id='word_1_166' title='bbox 508 734 532 778; x_wconf 71' lang='lat'><strong>1.</strong></span> <span class='ocrx_word' id='word_1_167' title='bbox 548 743 606 780; x_wconf 79' lang='lat'><strong>32.</strong></span> <span class='ocrx_word' id='word_1_168' title='bbox 628 741 775 779; x_wconf 71' lang='grc' dir='ltr'>τριχῶν,</span> <span class='ocrx_word' id='word_1_169' title='bbox 798 730 841 775; x_wconf 68' lang='grc' dir='ltr'>ἃς</span> <span class='ocrx_word' id='word_1_170' title='bbox 864 746 896 770; x_wconf 71' lang='grc' dir='ltr'>Λ.</span> <span class='ocrx_word' id='word_1_171' title='bbox 924 753 960 760; x_wconf 89' lang='grc'>--</span> <span class='ocrx_word' id='word_1_172' title='bbox 995 733 1044 769; x_wconf 88' lang='lat' dir='ltr'>ib.</span> <span class='ocrx_word' id='word_1_173' title='bbox 1066 734 1092 769; x_wconf 87' lang='lat'><strong>1.</strong></span> <span class='ocrx_word' id='word_1_174' title='bbox 1113 737 1171 780; x_wconf 82' lang='lat'>36.</span> <span class='ocrx_word' id='word_1_175' title='bbox 1194 733 1256 770; x_wconf 87' lang='lat' dir='ltr'>illa</span> <span class='ocrx_word' id='word_1_176' title='bbox 1277 744 1384 771; x_wconf 81' lang='lat' dir='ltr'>antea</span> <span class='ocrx_word' id='word_1_177' title='bbox 1405 747 1517 784; x_wconf 84' lang='lat' dir='ltr'>pron.</span> <span class='ocrx_word' id='word_1_178' title='bbox 1532 734 1618 774; x_wconf 65' lang='lat' dir='ltr'>&#39;rod&#39;-</span> 
     </span>
     <span class='ocr_line' id='line_1_13' title="bbox 75 782 999 832; baseline -0.006 -8"><span class='ocrx_word' id='word_1_179' title='bbox 75 785 162 827; x_wconf 71' lang='lat' dir='ltr'>5wv,</span> <span class='ocrx_word' id='word_1_180' title='bbox 188 794 302 831; x_wconf 87' lang='lat' dir='ltr'>quam</span> <span class='ocrx_word' id='word_1_181' title='bbox 320 794 447 821; x_wconf 84' lang='lat' dir='ltr'>tamen</span> <span class='ocrx_word' id='word_1_182' title='bbox 469 796 508 821; x_wconf 81' lang='lat' dir='ltr'>et</span> <span class='ocrx_word' id='word_1_183' title='bbox 528 785 592 832; x_wconf 86' lang='lat' dir='ltr'><strong>Bg.</strong></span> <span class='ocrx_word' id='word_1_184' title='bbox 614 783 751 824; x_wconf 82' lang='lat' dir='ltr'>refert,</span> <span class='ocrx_word' id='word_1_185' title='bbox 781 782 831 819; x_wconf 76' lang='lat' dir='ltr'><strong>cf.</strong></span> <span class='ocrx_word' id='word_1_186' title='bbox 853 784 942 819; x_wconf 88' lang='lat' dir='ltr'><strong>Exc.</strong></span> <span class='ocrx_word' id='word_1_187' title='bbox 962 802 999 812; x_wconf 92' lang='lat'>--</span> 
     </span>
    </p>

    <p class='ocr_par' dir='ltr' id='par_1_3' title="bbox 74 829 1620 1481">
     <span class='ocr_line' id='line_1_14' title="bbox 113 829 1620 881; baseline 0.006 -17"><span class='ocrx_word' id='word_1_188' title='bbox 113 858 120 864; x_wconf 97' lang='lat'><strong>.</strong></span> <span class='ocrx_word' id='word_1_189' title='bbox 201 833 328 870; x_wconf 88' lang='lat' dir='ltr'>Nnn.</span> <span class='ocrx_word' id='word_1_190' title='bbox 379 845 415 881; x_wconf 84' lang='lat' dir='ltr'><strong>p.</strong></span> <span class='ocrx_word' id='word_1_191' title='bbox 436 843 519 881; x_wconf 84' lang='lat'><strong>931.</strong></span> <span class='ocrx_word' id='word_1_192' title='bbox 543 833 570 868; x_wconf 83' lang='lat' dir='ltr'>l.</span> <span class='ocrx_word' id='word_1_193' title='bbox 599 845 658 868; x_wconf 82' lang='lat'>22.</span> <span class='ocrx_word' id='word_1_194' title='bbox 684 829 984 880; x_wconf 71' lang='grc' dir='ltr'><em>πςαςποιοῦμενος,</em></span> <span class='ocrx_word' id='word_1_195' title='bbox 1023 830 1085 868; x_wconf 79' lang='lat' dir='ltr'>sed</span> <span class='ocrx_word' id='word_1_196' title='bbox 1110 831 1159 870; x_wconf 88' lang='lat' dir='ltr'>de</span> <span class='ocrx_word' id='word_1_197' title='bbox 1188 834 1283 871; x_wconf 81' lang='lat' dir='ltr'>urbe</span> <span class='ocrx_word' id='word_1_198' title='bbox 1311 834 1537 872; x_wconf 69' lang='lat' dir='ltr'>Alexandria</span> <span class='ocrx_word' id='word_1_199' title='bbox 1566 835 1620 873; x_wconf 82' lang='lat' dir='ltr'>cf.</span> 
     </span>
     <span class='ocr_line' id='line_1_15' title="bbox 79 881 1619 934; baseline 0.001 -15"><span class='ocrx_word' id='word_1_200' title='bbox 79 881 182 928; x_wconf 76' lang='lat' dir='ltr'>laud.</span> <span class='ocrx_word' id='word_1_201' title='bbox 201 883 246 918; x_wconf 83' lang='lat' dir='ltr'>ad</span> <span class='ocrx_word' id='word_1_202' title='bbox 268 882 301 931; x_wconf 87' lang='lat'><strong>§.</strong></span> <span class='ocrx_word' id='word_1_203' title='bbox 316 894 373 918; x_wconf 78' lang='lat'>21.</span> <span class='ocrx_word' id='word_1_204' title='bbox 393 903 432 910; x_wconf 90' lang='lat'>--</span> <span class='ocrx_word' id='word_1_205' title='bbox 461 892 591 931; x_wconf 84' lang='lat' dir='ltr'><strong>p.932.</strong></span> <span class='ocrx_word' id='word_1_206' title='bbox 613 882 711 920; x_wconf 83' lang='lat'><strong>1.16.</strong></span> <span class='ocrx_word' id='word_1_207' title='bbox 732 882 813 918; x_wconf 83' lang='lat' dir='ltr'>adv.</span> <span class='ocrx_word' id='word_1_208' title='bbox 833 893 873 919; x_wconf 89' lang='lat' dir='ltr'>et</span> <span class='ocrx_word' id='word_1_209' title='bbox 895 882 1073 919; x_wconf 80' lang='lat' dir='ltr'>omnibus</span> <span class='ocrx_word' id='word_1_210' title='bbox 1094 895 1167 919; x_wconf 87' lang='lat' dir='ltr'><strong>acc.</strong></span> <span class='ocrx_word' id='word_1_211' title='bbox 1188 885 1234 921; x_wconf 86' lang='lat' dir='ltr'>ad</span> <span class='ocrx_word' id='word_1_212' title='bbox 1253 885 1398 934; x_wconf 79' lang='lat' dir='ltr'>analog.</span> <span class='ocrx_word' id='word_1_213' title='bbox 1419 906 1455 912; x_wconf 90' lang='lat'>--</span> <span class='ocrx_word' id='word_1_214' title='bbox 1482 894 1619 934; x_wconf 77' lang='lat' dir='ltr'><strong>p.933.</strong></span> 
     </span>
     <span class='ocr_line' id='line_1_16' title="bbox 79 929 1618 983; baseline 0.003 -14"><span class='ocrx_word' id='word_1_215' title='bbox 79 931 107 969; x_wconf 85' lang='lat'>1.</span> <span class='ocrx_word' id='word_1_216' title='bbox 133 943 189 969; x_wconf 81' lang='lat'><strong>¹2.</strong></span> <span class='ocrx_word' id='word_1_217' title='bbox 215 929 518 982; x_wconf 75' lang='lat' dir='ltr'>Todtenopfer,“</span> <span class='ocrx_word' id='word_1_218' title='bbox 546 934 635 970; x_wconf 88' lang='lat' dir='ltr'>dum</span> <span class='ocrx_word' id='word_1_219' title='bbox 658 931 697 968; x_wconf 92' lang='lat' dir='ltr'>in</span> <span class='ocrx_word' id='word_1_220' title='bbox 724 949 823 970; x_wconf 66' lang='lat' dir='ltr'>nav-r.</span> <span class='ocrx_word' id='word_1_221' title='bbox 847 933 907 979; x_wconf 80' lang='lat' dir='ltr'><strong>Bg.</strong></span> <span class='ocrx_word' id='word_1_222' title='bbox 929 932 1004 968; x_wconf 89' lang='lat' dir='ltr'>eP.</span> <span class='ocrx_word' id='word_1_223' title='bbox 1025 931 1075 966; x_wconf 92' lang='lat' dir='ltr'><strong>cf.</strong></span> <span class='ocrx_word' id='word_1_224' title='bbox 1096 946 1133 978; x_wconf 87' lang='lat'>4,</span> <span class='ocrx_word' id='word_1_225' title='bbox 1152 944 1193 983; x_wconf 81' lang='grc' dir='ltr'>7,Ι</span> <span class='ocrx_word' id='word_1_226' title='bbox 1211 945 1246 970; x_wconf 84' lang='lat'><strong>2.</strong></span> <span class='ocrx_word' id='word_1_227' title='bbox 1275 933 1337 970; x_wconf 87' lang='lat' dir='ltr'>sed</span> <span class='ocrx_word' id='word_1_228' title='bbox 1367 934 1504 971; x_wconf 89' lang='lat' dir='ltr'>Noster</span> <span class='ocrx_word' id='word_1_229' title='bbox 1528 947 1618 973; x_wconf 87' lang='lat' dir='ltr'>curn</span> 
     </span>
     <span class='ocr_line' id='line_1_17' title="bbox 81 980 1618 1031; baseline 0.002 -13"><span class='ocrx_word' id='word_1_230' title='bbox 81 985 127 1020; x_wconf 68' lang='grc' dir='ltr'>ὃν.</span> <span class='ocrx_word' id='word_1_231' title='bbox 157 993 223 1029; x_wconf 88' lang='lat' dir='ltr'>per</span> <span class='ocrx_word' id='word_1_232' title='bbox 246 981 391 1031; x_wconf 82' lang='lat' dir='ltr'>analog.</span> <span class='ocrx_word' id='word_1_233' title='bbox 417 1002 452 1009; x_wconf 86' lang='lat'>—-</span> <span class='ocrx_word' id='word_1_234' title='bbox 481 980 529 1019; x_wconf 87' lang='lat' dir='ltr'>ib.</span> <span class='ocrx_word' id='word_1_235' title='bbox 550 983 574 1017; x_wconf 90' lang='lat' dir='ltr'>l.</span> <span class='ocrx_word' id='word_1_236' title='bbox 598 994 655 1018; x_wconf 88' lang='lat'>20.</span> <span class='ocrx_word' id='word_1_237' title='bbox 678 981 935 1029; x_wconf 85' lang='lat' dir='ltr'>populorum,</span> <span class='ocrx_word' id='word_1_238' title='bbox 961 981 1022 1017; x_wconf 81' lang='lat' dir='ltr'>sed</span> <span class='ocrx_word' id='word_1_239' title='bbox 1053 981 1155 1020; x_wconf 86' lang='lat' dir='ltr'>Hirt.</span> <span class='ocrx_word' id='word_1_240' title='bbox 1184 983 1231 1020; x_wconf 87' lang='lat' dir='ltr'>de</span> <span class='ocrx_word' id='word_1_241' title='bbox 1253 982 1341 1022; x_wconf 83' lang='lat' dir='ltr'>bell.</span> <span class='ocrx_word' id='word_1_242' title='bbox 1372 985 1479 1021; x_wconf 85' lang='lat' dir='ltr'>Alex.</span> <span class='ocrx_word' id='word_1_243' title='bbox 1501 993 1562 1031; x_wconf 83' lang='lat'>30,</span> <span class='ocrx_word' id='word_1_244' title='bbox 1580 989 1618 1022; x_wconf 85' lang='lat'><strong>6.</strong></span> 
     </span>
     <span class='ocr_line' id='line_1_18' title="bbox 81 1029 1618 1082; baseline 0.003 -15"><span class='ocrx_word' id='word_1_245' title='bbox 81 1030 238 1067; x_wconf 79' lang='lat' dir='ltr'>&#39;maxima</span> <span class='ocrx_word' id='word_1_246' title='bbox 257 1041 294 1067; x_wconf 76' lang='lat' dir='ltr'>et</span> <span class='ocrx_word' id='word_1_247' title='bbox 312 1029 520 1068; x_wconf 72' lang='lat' dir='ltr'>elefflffima</span> <span class='ocrx_word' id='word_1_248' title='bbox 538 1031 873 1068; x_wconf 79' lang='lat' dir='ltr'>Alexandrinorum</span> <span class='ocrx_word' id='word_1_249' title='bbox 893 1029 1098 1067; x_wconf 86' lang='lat' dir='ltr'>multitudo</span> <span class='ocrx_word' id='word_1_250' title='bbox 1117 1032 1336 1078; x_wconf 76' lang='lat' dir='ltr'>defendebat</span> <span class='ocrx_word' id='word_1_251' title='bbox 1358 1046 1439 1070; x_wconf 85' lang='lat' dir='ltr'>eam</span> <span class='ocrx_word' id='word_1_252' title='bbox 1455 1043 1618 1082; x_wconf 73' lang='lat' dir='ltr'>partem,</span> 
     </span>
     <span class='ocr_line' id='line_1_19' title="bbox 79 1073 1618 1132; baseline 0.005 -18"><span class='ocrx_word' id='word_1_253' title='bbox 79 1073 149 1119; x_wconf 70' lang='lat' dir='ltr'>&#39;tel-</span> <span class='ocrx_word' id='word_1_254' title='bbox 173 1100 208 1107; x_wconf 86' lang='lat'>--</span> <span class='ocrx_word' id='word_1_255' title='bbox 247 1090 379 1127; x_wconf 85' lang='lat' dir='ltr'><strong>p.934.</strong></span> <span class='ocrx_word' id='word_1_256' title='bbox 399 1080 425 1116; x_wconf 87' lang='lat' dir='ltr'>l.</span> <span class='ocrx_word' id='word_1_257' title='bbox 451 1090 508 1127; x_wconf 85' lang='lat'><strong>39.</strong></span> <span class='ocrx_word' id='word_1_258' title='bbox 527 1084 650 1121; x_wconf 68' lang='grc' dir='ltr'><strong>πυνθ..</strong></span> <span class='ocrx_word' id='word_1_259' title='bbox 678 1080 779 1128; x_wconf 86' lang='lat' dir='ltr'>quod</span> <span class='ocrx_word' id='word_1_260' title='bbox 803 1093 885 1120; x_wconf 86' lang='lat' dir='ltr'>cum</span> <span class='ocrx_word' id='word_1_261' title='bbox 906 1080 1089 1117; x_wconf 71' lang='lat' dir='ltr'>adiunffis</span> <span class='ocrx_word' id='word_1_262' title='bbox 1110 1081 1160 1118; x_wconf 87' lang='lat' dir='ltr'>est</span> <span class='ocrx_word' id='word_1_263' title='bbox 1182 1095 1227 1119; x_wconf 87' lang='lat' dir='ltr'>ex</span> <span class='ocrx_word' id='word_1_264' title='bbox 1250 1083 1396 1132; x_wconf 77' lang='lat' dir='ltr'>analog.</span> <span class='ocrx_word' id='word_1_265' title='bbox 1419 1104 1455 1110; x_wconf 92' lang='lat'>--</span> <span class='ocrx_word' id='word_1_266' title='bbox 1484 1097 1519 1132; x_wconf 83' lang='grc' dir='ltr'>ρ.</span> <span class='ocrx_word' id='word_1_267' title='bbox 1534 1094 1618 1132; x_wconf 85' lang='grc'><strong>937.</strong></span> 
     </span>
     <span class='ocr_line' id='line_1_20' title="bbox 79 1125 1616 1182; baseline 0.005 -18"><span class='ocrx_word' id='word_1_268' title='bbox 79 1125 104 1175; x_wconf 75' lang='lat' dir='ltr'><strong>l.</strong></span> <span class='ocrx_word' id='word_1_269' title='bbox 127 1138 185 1176; x_wconf 83' lang='lat'>37.</span> <span class='ocrx_word' id='word_1_270' title='bbox 207 1127 249 1165; x_wconf 85' lang='lat' dir='ltr'>it.</span> <span class='ocrx_word' id='word_1_271' title='bbox 276 1141 312 1170; x_wconf 73' lang='grc'>4,</span> <span class='ocrx_word' id='word_1_272' title='bbox 332 1141 417 1175; x_wconf 73' lang='lat'><strong>7,4.</strong></span> <span class='ocrx_word' id='word_1_273' title='bbox 433 1131 435 1134; x_wconf 85' lang='lat'>&#39;</span> <span class='ocrx_word' id='word_1_274' title='bbox 454 1128 527 1166; x_wconf 86' lang='lat' dir='ltr'>Sed</span> <span class='ocrx_word' id='word_1_275' title='bbox 539 1129 586 1166; x_wconf 83' lang='lat' dir='ltr'>&#39;in</span> <span class='ocrx_word' id='word_1_276' title='bbox 605 1143 682 1166; x_wconf 86' lang='lat' dir='ltr'>rem</span> <span class='ocrx_word' id='word_1_277' title='bbox 704 1142 743 1166; x_wconf 88' lang='lat' dir='ltr'>et</span> <span class='ocrx_word' id='word_1_278' title='bbox 764 1130 965 1166; x_wconf 82' lang='lat' dir='ltr'>Alexandri</span> <span class='ocrx_word' id='word_1_279' title='bbox 988 1130 1267 1168; x_wconf 85' lang='lat' dir='ltr'>monimentum</span> <span class='ocrx_word' id='word_1_280' title='bbox 1289 1132 1385 1169; x_wconf 87' lang='lat' dir='ltr'>nihil</span> <span class='ocrx_word' id='word_1_281' title='bbox 1411 1134 1534 1182; x_wconf 88' lang='lat' dir='ltr'>reperi</span> <span class='ocrx_word' id='word_1_282' title='bbox 1554 1146 1616 1182; x_wconf 86' lang='lat' dir='ltr'>ap.</span> 
     </span>
     <span class='ocr_line' id='line_1_21' title="bbox 74 1177 1614 1231; baseline 0.004 -16"><span class='ocrx_word' id='word_1_283' title='bbox 74 1189 144 1215; x_wconf 72' lang='lat' dir='ltr'>eos</span> <span class='ocrx_word' id='word_1_284' title='bbox 157 1201 169 1218; x_wconf 89' lang='lat'>,</span> <span class='ocrx_word' id='word_1_285' title='bbox 194 1177 259 1225; x_wconf 88' lang='lat' dir='ltr'>qui</span> <span class='ocrx_word' id='word_1_286' title='bbox 281 1179 328 1216; x_wconf 89' lang='lat' dir='ltr'>de</span> <span class='ocrx_word' id='word_1_287' title='bbox 347 1180 442 1225; x_wconf 83' lang='lat' dir='ltr'>urbe</span> <span class='ocrx_word' id='word_1_288' title='bbox 462 1177 538 1226; x_wconf 83' lang='lat' dir='ltr'>ipsa</span> <span class='ocrx_word' id='word_1_289' title='bbox 558 1179 782 1217; x_wconf 75' lang='lat' dir='ltr'>Alexandria</span> <span class='ocrx_word' id='word_1_290' title='bbox 800 1179 965 1231; x_wconf 82' lang='lat' dir='ltr'>Aegypti</span> <span class='ocrx_word' id='word_1_291' title='bbox 987 1179 1226 1228; x_wconf 75' lang='lat' dir='ltr'>scripserunt,</span> <span class='ocrx_word' id='word_1_292' title='bbox 1254 1181 1351 1219; x_wconf 87' lang='lat' dir='ltr'>Plin.</span> <span class='ocrx_word' id='word_1_293' title='bbox 1373 1184 1426 1219; x_wconf 84' lang='lat' dir='ltr'><strong>H.</strong></span> <span class='ocrx_word' id='word_1_294' title='bbox 1439 1185 1490 1222; x_wconf 86' lang='lat' dir='ltr'><strong>N.</strong></span> <span class='ocrx_word' id='word_1_295' title='bbox 1507 1196 1540 1229; x_wconf 88' lang='grc' dir='ltr'>ς,</span> <span class='ocrx_word' id='word_1_296' title='bbox 1555 1196 1614 1223; x_wconf 86' lang='grc' dir='ltr'>ιο.</span> 
     </span>
     <span class='ocr_line' id='line_1_22' title="bbox 76 1227 1618 1280; baseline 0.005 -16"><span class='ocrx_word' id='word_1_297' title='bbox 76 1227 188 1264; x_wconf 85' lang='lat' dir='ltr'>Curt.</span> <span class='ocrx_word' id='word_1_298' title='bbox 207 1240 244 1273; x_wconf 72' lang='lat'>4,</span> <span class='ocrx_word' id='word_1_299' title='bbox 267 1236 302 1270; x_wconf 84' lang='lat'>8,</span> <span class='ocrx_word' id='word_1_300' title='bbox 322 1241 356 1265; x_wconf 88' lang='lat'><strong>2.</strong></span> <span class='ocrx_word' id='word_1_301' title='bbox 376 1227 455 1277; x_wconf 85' lang='lat' dir='ltr'>sqq.</span> <span class='ocrx_word' id='word_1_302' title='bbox 480 1231 568 1275; x_wconf 89' lang='lat' dir='ltr'>(uec</span> <span class='ocrx_word' id='word_1_303' title='bbox 590 1242 645 1271; x_wconf 84' lang='lat'>10,</span> <span class='ocrx_word' id='word_1_304' title='bbox 676 1241 732 1272; x_wconf 86' lang='lat'>10,</span> <span class='ocrx_word' id='word_1_305' title='bbox 756 1241 814 1267; x_wconf 87' lang='lat'><strong>20.</strong></span> <span class='ocrx_word' id='word_1_306' title='bbox 835 1231 882 1268; x_wconf 90' lang='lat' dir='ltr'>de</span> <span class='ocrx_word' id='word_1_307' title='bbox 903 1230 1092 1277; x_wconf 80' lang='lat' dir='ltr'>sepultura</span> <span class='ocrx_word' id='word_1_308' title='bbox 1114 1231 1311 1280; x_wconf 56' lang='lat' dir='ltr'>loquens)</span> <span class='ocrx_word' id='word_1_309' title='bbox 1337 1234 1460 1270; x_wconf 86' lang='lat' dir='ltr'>Amm.</span> <span class='ocrx_word' id='word_1_310' title='bbox 1482 1235 1538 1272; x_wconf 88' lang='lat' dir='ltr'>M.</span> <span class='ocrx_word' id='word_1_311' title='bbox 1554 1247 1618 1277; x_wconf 82' lang='grc'>22,</span> 
     </span>
     <span class='ocr_line' id='line_1_23' title="bbox 82 1278 1614 1331; baseline 0.005 -17"><span class='ocrx_word' id='word_1_312' title='bbox 82 1280 139 1314; x_wconf 80' lang='lat'><strong>16.</strong></span> <span class='ocrx_word' id='word_1_313' title='bbox 163 1289 198 1324; x_wconf 86' lang='lat' dir='ltr'><strong>p.</strong></span> <span class='ocrx_word' id='word_1_314' title='bbox 221 1289 303 1322; x_wconf 86' lang='lat'><strong>272.</strong></span> <span class='ocrx_word' id='word_1_315' title='bbox 324 1278 347 1314; x_wconf 90' lang='lat' dir='ltr'>i.</span> <span class='ocrx_word' id='word_1_316' title='bbox 367 1279 475 1316; x_wconf 73' lang='lat' dir='ltr'>Hirr:</span> <span class='ocrx_word' id='word_1_317' title='bbox 490 1278 537 1315; x_wconf 90' lang='lat' dir='ltr'>de</span> <span class='ocrx_word' id='word_1_318' title='bbox 557 1280 591 1316; x_wconf 91' lang='lat' dir='ltr'>b.</span> <span class='ocrx_word' id='word_1_319' title='bbox 613 1281 719 1317; x_wconf 85' lang='lat' dir='ltr'><strong>Alex.</strong></span> <span class='ocrx_word' id='word_1_320' title='bbox 742 1292 773 1315; x_wconf 88' lang='lat' dir='ltr'><strong>c.</strong></span> <span class='ocrx_word' id='word_1_321' title='bbox 798 1291 812 1316; x_wconf 79' lang='grc' dir='ltr'><strong><em>ι</em></strong></span> <span class='ocrx_word' id='word_1_322' title='bbox 830 1301 845 1308; x_wconf 83' lang='lat'><em>-</em></span> <span class='ocrx_word' id='word_1_323' title='bbox 867 1292 921 1325; x_wconf 85' lang='lat'>5.,</span> <span class='ocrx_word' id='word_1_324' title='bbox 947 1279 1093 1317; x_wconf 83' lang='lat' dir='ltr'>Artian.</span> <span class='ocrx_word' id='word_1_325' title='bbox 1117 1280 1164 1319; x_wconf 89' lang='lat' dir='ltr'>de</span> <span class='ocrx_word' id='word_1_326' title='bbox 1187 1281 1320 1331; x_wconf 81' lang='lat' dir='ltr'>exped.</span> <span class='ocrx_word' id='word_1_327' title='bbox 1341 1282 1448 1319; x_wconf 83' lang='lat' dir='ltr'>Alex.</span> <span class='ocrx_word' id='word_1_328' title='bbox 1469 1296 1504 1331; x_wconf 90' lang='lat' dir='ltr'>p.</span> <span class='ocrx_word' id='word_1_329' title='bbox 1531 1289 1614 1330; x_wconf 83' lang='lat'><strong>156.</strong></span> 
     </span>
     <span class='ocr_line' id='line_1_24' title="bbox 79 1327 1616 1381; baseline 0.006 -20"><span class='ocrx_word' id='word_1_330' title='bbox 79 1339 129 1364; x_wconf 86' lang='lat' dir='ltr'>m.</span> <span class='ocrx_word' id='word_1_331' title='bbox 146 1329 226 1374; x_wconf 86' lang='lat' dir='ltr'><strong>Stp.</strong></span> <span class='ocrx_word' id='word_1_332' title='bbox 246 1329 335 1375; x_wconf 88' lang='lat' dir='ltr'><strong>Byz.</strong></span> <span class='ocrx_word' id='word_1_333' title='bbox 354 1329 437 1366; x_wconf 87' lang='lat' dir='ltr'>Car.</span> <span class='ocrx_word' id='word_1_334' title='bbox 459 1329 540 1375; x_wconf 87' lang='lat' dir='ltr'>Stp.</span> <span class='ocrx_word' id='word_1_335' title='bbox 562 1327 660 1367; x_wconf 70' lang='lat' dir='ltr'>Dist.</span> <span class='ocrx_word' id='word_1_336' title='bbox 689 1329 782 1366; x_wconf 78' lang='lat' dir='ltr'>Cen.</span> <span class='ocrx_word' id='word_1_337' title='bbox 804 1342 843 1367; x_wconf 89' lang='lat' dir='ltr'>n.</span> <span class='ocrx_word' id='word_1_338' title='bbox 868 1343 904 1366; x_wconf 87' lang='grc' dir='ltr'>ο.</span> <span class='ocrx_word' id='word_1_339' title='bbox 928 1343 958 1366; x_wconf 80' lang='lat' dir='ltr'>a.</span> <span class='ocrx_word' id='word_1_340' title='bbox 985 1342 1020 1371; x_wconf 83' lang='grc'>2,</span> <span class='ocrx_word' id='word_1_341' title='bbox 1038 1334 1125 1374; x_wconf 87' lang='grc'><strong>769.</strong></span> <span class='ocrx_word' id='word_1_342' title='bbox 1152 1331 1217 1368; x_wconf 85' lang='lat' dir='ltr'>ubi</span> <span class='ocrx_word' id='word_1_343' title='bbox 1235 1341 1279 1379; x_wconf 79' lang='lat' dir='ltr'><strong>·p.</strong></span> <span class='ocrx_word' id='word_1_344' title='bbox 1298 1345 1329 1368; x_wconf 91' lang='lat' dir='ltr'>e.</span> <span class='ocrx_word' id='word_1_345' title='bbox 1358 1333 1490 1381; x_wconf 78' lang='lat' dir='ltr'>„regia</span> <span class='ocrx_word' id='word_1_346' title='bbox 1514 1354 1551 1362; x_wconf 92' lang='lat'>--</span> <span class='ocrx_word' id='word_1_347' title='bbox 1572 1332 1616 1371; x_wconf 85' lang='lat' dir='ltr'>in</span> 
     </span>
     <span class='ocr_line' id='line_1_25' title="bbox 78 1377 1616 1481; baseline 0.005 -18"><span class='ocrx_word' id='word_1_348' title='bbox 78 1389 143 1463; x_wconf 56' lang='lat'>31²5</span> <span class='ocrx_word' id='word_1_349' title='bbox 146 1389 162 1462; x_wconf 72' lang='grc' dir='ltr'><em>ἶ</em></span> <span class='ocrx_word' id='word_1_350' title='bbox 162 1389 194 1462; x_wconf 64' lang='lat' dir='ltr'><strong>f.</strong></span> <span class='ocrx_word' id='word_1_351' title='bbox 205 1377 1008 1477; x_wconf 49' lang='lat' dir='ltr'>‘i‘ssss‘ss‘ss&#39;afflgffliffi‘3³¹1&#39;;³⁶u&lt;¹‚¹}1³{{0s‘}{{}⁸‘’</span> <span class='ocrx_word' id='word_1_352' title='bbox 1032 1380 1218 1467; x_wconf 57' lang='lat' dir='ltr'>⁰⁰22¹1¹31⁰it²</span> <span class='ocrx_word' id='word_1_353' title='bbox 1227 1380 1317 1477; x_wconf 54' lang='lat'>{³2³⁶</span> <span class='ocrx_word' id='word_1_354' title='bbox 1327 1384 1616 1481; x_wconf 44' lang='lat'>{90322523553</span> 
     </span>
    </p>

    <p class='ocr_par' dir='ltr' id='par_1_4' title="bbox 134 1440 1444 1475">
     <span class='ocr_line' id='line_1_26' title="bbox 134 1440 1444 1475; baseline 0.006 -8"><span class='ocrx_word' id='word_1_355' title='bbox 134 1440 141 1453; x_wconf 79' lang='lat'><em>&#39;</em></span> <span class='ocrx_word' id='word_1_356' title='bbox 231 1455 238 1461; x_wconf 89' lang='lat'><strong>·</strong></span> <span class='ocrx_word' id='word_1_357' title='bbox 417 1453 428 1469; x_wconf 66' lang='lat'><em>2</em></span> <span class='ocrx_word' id='word_1_358' title='bbox 865 1448 883 1468; x_wconf 84' lang='grc' dir='ltr'><strong><em>υ</em></strong></span> <span class='ocrx_word' id='word_1_359' title='bbox 929 1450 937 1466; x_wconf 81' lang='grc' dir='ltr'><em>ι</em></span> <span class='ocrx_word' id='word_1_360' title='bbox 960 1448 987 1471; x_wconf 73' lang='grc' dir='ltr'>ν,</span> <span class='ocrx_word' id='word_1_361' title='bbox 1008 1450 1044 1458; x_wconf 85' lang='lat'>·-</span> <span class='ocrx_word' id='word_1_362' title='bbox 1194 1441 1243 1468; x_wconf 84' lang='grc' dir='ltr'>Σω</span> <span class='ocrx_word' id='word_1_363' title='bbox 1299 1456 1309 1474; x_wconf 73' lang='grc' dir='ltr'><strong>ο</strong></span> <span class='ocrx_word' id='word_1_364' title='bbox 1433 1458 1444 1475; x_wconf 71' lang='lat'>9</span> 
     </span>
    </p>

    <p class='ocr_par' dir='ltr' id='par_1_5' title="bbox 63 1443 1616 2615">
     <span class='ocr_line' id='line_1_27' title="bbox 80 1443 1616 1529; baseline 0.005 -18"><span class='ocrx_word' id='word_1_365' title='bbox 80 1475 180 1526; x_wconf 83' lang='lat' dir='ltr'>regia</span> <span class='ocrx_word' id='word_1_366' title='bbox 200 1475 364 1524; x_wconf 84' lang='lat' dir='ltr'>sepulcra</span> <span class='ocrx_word' id='word_1_367' title='bbox 382 1488 500 1518; x_wconf 87' lang='lat' dir='ltr'>erant.</span> <span class='ocrx_word' id='word_1_368' title='bbox 527 1480 581 1525; x_wconf 90' lang='lat' dir='ltr'><strong>(p.</strong></span> <span class='ocrx_word' id='word_1_369' title='bbox 596 1478 644 1526; x_wconf 92' lang='lat' dir='ltr'><strong>sq.</strong></span> <span class='ocrx_word' id='word_1_370' title='bbox 659 1443 726 1524; x_wconf 45' lang='grc' dir='ltr'>πῇ)</span> <span class='ocrx_word' id='word_1_371' title='bbox 752 1480 839 1516; x_wconf 86' lang='lat' dir='ltr'>Pars</span> <span class='ocrx_word' id='word_1_372' title='bbox 860 1479 974 1522; x_wconf 82' lang='lat' dir='ltr'>urbis,</span> <span class='ocrx_word' id='word_1_373' title='bbox 1000 1490 1066 1516; x_wconf 87' lang='lat' dir='ltr'>aut</span> <span class='ocrx_word' id='word_1_374' title='bbox 1083 1478 1303 1519; x_wconf 83' lang='lat' dir='ltr'>suburbium</span> <span class='ocrx_word' id='word_1_375' title='bbox 1324 1480 1467 1529; x_wconf 70' lang='lat' dir='ltr'>potiuS,</span> <span class='ocrx_word' id='word_1_376' title='bbox 1496 1495 1515 1518; x_wconf 87' lang='lat' dir='ltr'>a</span> <span class='ocrx_word' id='word_1_377' title='bbox 1537 1495 1616 1519; x_wconf 85' lang='lat' dir='ltr'>ma-</span> 
     </span>
     <span class='ocr_line' id='line_1_28' title="bbox 78 1523 1614 1579; baseline 0.004 -16"><span class='ocrx_word' id='word_1_378' title='bbox 78 1525 108 1563; x_wconf 76' lang='lat' dir='ltr'>vri</span> <span class='ocrx_word' id='word_1_379' title='bbox 127 1523 308 1562; x_wconf 87' lang='lat' dir='ltr'>remotius</span> <span class='ocrx_word' id='word_1_380' title='bbox 327 1533 560 1573; x_wconf 67' lang='grc' dir='ltr'><em>Νεκςόπολις,</em></span> <span class='ocrx_word' id='word_1_381' title='bbox 588 1529 797 1578; x_wconf 76' lang='lat' dir='ltr'>Necropolis</span> <span class='ocrx_word' id='word_1_382' title='bbox 816 1528 929 1574; x_wconf 69' lang='lat' dir='ltr'>dista,</span> <span class='ocrx_word' id='word_1_383' title='bbox 952 1542 971 1565; x_wconf 84' lang='lat' dir='ltr'>a</span> <span class='ocrx_word' id='word_1_384' title='bbox 989 1528 1222 1576; x_wconf 75' lang='lat' dir='ltr'>sepulcretis,</span> <span class='ocrx_word' id='word_1_385' title='bbox 1250 1539 1387 1579; x_wconf 77' lang='lat' dir='ltr'>puta.“</span> <span class='ocrx_word' id='word_1_386' title='bbox 1430 1534 1536 1569; x_wconf 91' lang='lat' dir='ltr'>Tum</span> <span class='ocrx_word' id='word_1_387' title='bbox 1553 1533 1614 1569; x_wconf 87' lang='lat' dir='ltr'>ni-</span> 
     </span>
     <span class='ocr_line' id='line_1_29' title="bbox 77 1573 1612 1627; baseline 0.007 -18"><span class='ocrx_word' id='word_1_388' title='bbox 77 1573 132 1610; x_wconf 78' lang='lat' dir='ltr'>hil</span> <span class='ocrx_word' id='word_1_389' title='bbox 152 1586 209 1621; x_wconf 85' lang='lat' dir='ltr'>ap.</span> <span class='ocrx_word' id='word_1_390' title='bbox 227 1576 340 1624; x_wconf 85' lang='lat' dir='ltr'>Angl.</span> <span class='ocrx_word' id='word_1_391' title='bbox 365 1577 495 1625; x_wconf 81' lang='lat' dir='ltr'>Heyn.</span> <span class='ocrx_word' id='word_1_392' title='bbox 519 1580 566 1614; x_wconf 88' lang='lat' dir='ltr'>H.</span> <span class='ocrx_word' id='word_1_393' title='bbox 594 1590 625 1620; x_wconf 84' lang='lat'>1,</span> <span class='ocrx_word' id='word_1_394' title='bbox 649 1588 730 1624; x_wconf 87' lang='lat'><strong>130.</strong></span> <span class='ocrx_word' id='word_1_395' title='bbox 753 1578 816 1616; x_wconf 88' lang='lat' dir='ltr'>sed</span> <span class='ocrx_word' id='word_1_396' title='bbox 839 1590 875 1627; x_wconf 84' lang='lat'>3,</span> <span class='ocrx_word' id='word_1_397' title='bbox 894 1583 976 1619; x_wconf 81' lang='lat'><strong>668.</strong></span> <span class='ocrx_word' id='word_1_398' title='bbox 1000 1579 1023 1615; x_wconf 90' lang='lat' dir='ltr'>i.</span> <span class='ocrx_word' id='word_1_399' title='bbox 1049 1590 1135 1616; x_wconf 90' lang='lat' dir='ltr'>cum</span> <span class='ocrx_word' id='word_1_400' title='bbox 1157 1580 1381 1622; x_wconf 74' lang='lat' dir='ltr'>narrassent,</span> <span class='ocrx_word' id='word_1_401' title='bbox 1408 1582 1612 1620; x_wconf 76' lang='lat' dir='ltr'>Alexandri</span> 
     </span>
     <span class='ocr_line' id='line_1_30' title="bbox 82 1623 1612 1679; baseline 0.005 -20"><span class='ocrx_word' id='word_1_402' title='bbox 82 1623 234 1660; x_wconf 84' lang='lat' dir='ltr'>cadaver</span> <span class='ocrx_word' id='word_1_403' title='bbox 254 1627 298 1661; x_wconf 90' lang='lat' dir='ltr'>ab</span> <span class='ocrx_word' id='word_1_404' title='bbox 320 1625 529 1664; x_wconf 82' lang='lat' dir='ltr'>Arrhidaeo</span> <span class='ocrx_word' id='word_1_405' title='bbox 553 1627 701 1665; x_wconf 64' lang='lat' dir='ltr'>dunum</span> <span class='ocrx_word' id='word_1_406' title='bbox 726 1628 796 1665; x_wconf 79' lang='lat' dir='ltr'>ess‘e</span> <span class='ocrx_word' id='word_1_407' title='bbox 814 1627 853 1665; x_wconf 88' lang='lat' dir='ltr'>in</span> <span class='ocrx_word' id='word_1_408' title='bbox 873 1632 1104 1676; x_wconf 76' lang='lat' dir='ltr'>Aegyptum.</span> <span class='ocrx_word' id='word_1_409' title='bbox 1132 1640 1296 1679; x_wconf 83' lang='lat' dir='ltr'>pergunt</span> <span class='ocrx_word' id='word_1_410' title='bbox 1329 1631 1426 1672; x_wconf 80' lang='lat' dir='ltr'>„Als</span> <span class='ocrx_word' id='word_1_411' title='bbox 1446 1631 1508 1668; x_wconf 88' lang='lat' dir='ltr'>die</span> <span class='ocrx_word' id='word_1_412' title='bbox 1526 1631 1612 1670; x_wconf 84' lang='lat' dir='ltr'>Lei-</span> 
     </span>
     <span class='ocr_line' id='line_1_31' title="bbox 76 1672 1614 1728; baseline 0.007 -20"><span class='ocrx_word' id='word_1_413' title='bbox 76 1672 148 1709; x_wconf 79' lang='lat' dir='ltr'>che</span> <span class='ocrx_word' id='word_1_414' title='bbox 169 1674 482 1725; x_wconf 71' lang='lat' dir='ltr'>nachAegypten&#39;</span> <span class='ocrx_word' id='word_1_415' title='bbox 497 1677 675 1727; x_wconf 83' lang='lat' dir='ltr'>gebracht</span> <span class='ocrx_word' id='word_1_416' title='bbox 693 1691 787 1714; x_wconf 82' lang='lat' dir='ltr'>war:</span> <span class='ocrx_word' id='word_1_417' title='bbox 816 1677 902 1715; x_wconf 74' lang='lat' dir='ltr'>liess</span> <span class='ocrx_word' id='word_1_418' title='bbox 921 1678 969 1714; x_wconf 80' lang='lat' dir='ltr'>sie</span> <span class='ocrx_word' id='word_1_419' title='bbox 989 1677 1230 1715; x_wconf 82' lang='lat' dir='ltr'>Ptolemaeus</span> <span class='ocrx_word' id='word_1_420' title='bbox 1251 1678 1290 1715; x_wconf 86' lang='lat' dir='ltr'>in</span> <span class='ocrx_word' id='word_1_421' title='bbox 1310 1680 1424 1717; x_wconf 88' lang='lat' dir='ltr'>einen</span> <span class='ocrx_word' id='word_1_422' title='bbox 1446 1681 1614 1728; x_wconf 71' lang='lat' dir='ltr'>prachti-</span> 
     </span>
     <span class='ocr_line' id='line_1_32' title="bbox 77 1723 1610 1779; baseline 0.006 -21"><span class='ocrx_word' id='word_1_423' title='bbox 77 1723 152 1772; x_wconf 83' lang='lat' dir='ltr'>‘gen</span> <span class='ocrx_word' id='word_1_424' title='bbox 172 1725 334 1772; x_wconf 85' lang='lat' dir='ltr'>Tempel</span> <span class='ocrx_word' id='word_1_425' title='bbox 355 1725 506 1764; x_wconf 69' lang='lat' dir='ltr'>senen,</span> <span class='ocrx_word' id='word_1_426' title='bbox 527 1727 600 1763; x_wconf 88' lang='lat' dir='ltr'>den</span> <span class='ocrx_word' id='word_1_427' title='bbox 623 1741 662 1763; x_wconf 84' lang='lat' dir='ltr'>er</span> <span class='ocrx_word' id='word_1_428' title='bbox 677 1739 726 1763; x_wconf 85' lang='lat' dir='ltr'>zu</span> <span class='ocrx_word' id='word_1_429' title='bbox 748 1728 835 1764; x_wconf 86' lang='lat' dir='ltr'>dem</span> <span class='ocrx_word' id='word_1_430' title='bbox 858 1729 964 1764; x_wconf 88' lang='lat' dir='ltr'>Ende</span> <span class='ocrx_word' id='word_1_431' title='bbox 987 1740 1030 1764; x_wconf 91' lang='lat' dir='ltr'>zu</span> <span class='ocrx_word' id='word_1_432' title='bbox 1053 1727 1306 1766; x_wconf 86' lang='lat' dir='ltr'>Alexandrien</span> <span class='ocrx_word' id='word_1_433' title='bbox 1329 1730 1468 1779; x_wconf 84' lang='lat' dir='ltr'>gebaut</span> <span class='ocrx_word' id='word_1_434' title='bbox 1490 1731 1610 1773; x_wconf 79' lang='lat' dir='ltr'>hatte,</span> 
     </span>
     <span class='ocr_line' id='line_1_33' title="bbox 79 1771 1610 1827; baseline 0.004 -16"><span class='ocrx_word' id='word_1_435' title='bbox 79 1785 136 1811; x_wconf 89' lang='lat' dir='ltr'>wo</span> <span class='ocrx_word' id='word_1_436' title='bbox 161 1771 210 1809; x_wconf 87' lang='lat' dir='ltr'>fie</span> <span class='ocrx_word' id='word_1_437' title='bbox 229 1775 330 1810; x_wconf 84' lang='lat' dir='ltr'>noch</span> <span class='ocrx_word' id='word_1_438' title='bbox 353 1774 450 1811; x_wconf 86' lang='lat' dir='ltr'>viele</span> <span class='ocrx_word' id='word_1_439' title='bbox 473 1776 746 1813; x_wconf 85' lang='lat' dir='ltr'>labrhunderte</span> <span class='ocrx_word' id='word_1_440' title='bbox 769 1777 933 1814; x_wconf 80' lang='lat' dir='ltr'>nachher</span> <span class='ocrx_word' id='word_1_441' title='bbox 955 1788 1005 1814; x_wconf 79' lang='lat' dir='ltr'>zu</span> <span class='ocrx_word' id='word_1_442' title='bbox 1034 1776 1126 1814; x_wconf 81' lang='lat' dir='ltr'>sehn</span> <span class='ocrx_word' id='word_1_443' title='bbox 1155 1784 1273 1813; x_wconf 80' lang='lat' dir='ltr'>war.“</span> <span class='ocrx_word' id='word_1_444' title='bbox 1339 1780 1453 1827; x_wconf 85' lang='lat' dir='ltr'>Qod</span> <span class='ocrx_word' id='word_1_445' title='bbox 1481 1791 1610 1817; x_wconf 84' lang='lat' dir='ltr'>tamen</span> 
     </span>
     <span class='ocr_line' id='line_1_34' title="bbox 76 1823 1610 1873; baseline 0.005 -13"><span class='ocrx_word' id='word_1_446' title='bbox 76 1823 261 1869; x_wconf 68' lang='lat' dir='ltr'>&#39;templum</span> <span class='ocrx_word' id='word_1_447' title='bbox 282 1823 597 1861; x_wconf 74' lang='lat' dir='ltr'>ubinam&#39;fuerit?</span> <span class='ocrx_word' id='word_1_448' title='bbox 622 1828 704 1871; x_wconf 86' lang='lat' dir='ltr'>Qa</span> <span class='ocrx_word' id='word_1_449' title='bbox 722 1826 760 1862; x_wconf 88' lang='lat' dir='ltr'>in</span> <span class='ocrx_word' id='word_1_450' title='bbox 782 1836 885 1873; x_wconf 86' lang='lat' dir='ltr'>parte</span> <span class='ocrx_word' id='word_1_451' title='bbox 906 1826 1035 1862; x_wconf 80' lang='lat' dir='ltr'>urbis-²</span> <span class='ocrx_word' id='word_1_452' title='bbox 1063 1826 1158 1868; x_wconf 86' lang='lat' dir='ltr'>Ubi,</span> <span class='ocrx_word' id='word_1_453' title='bbox 1183 1826 1387 1865; x_wconf 82' lang='lat' dir='ltr'>secundum</span> <span class='ocrx_word' id='word_1_454' title='bbox 1409 1830 1502 1866; x_wconf 88' lang='lat' dir='ltr'>Cell.</span> <span class='ocrx_word' id='word_1_455' title='bbox 1521 1831 1548 1866; x_wconf 84' lang='lat' dir='ltr'>l.</span> <span class='ocrx_word' id='word_1_456' title='bbox 1567 1831 1610 1873; x_wconf 80' lang='lat' dir='ltr'>l..</span> 
     </span>
     <span class='ocr_line' id='line_1_35' title="bbox 71 1870 1609 1922; baseline 0.005 -14"><span class='ocrx_word' id='word_1_457' title='bbox 71 1870 174 1920; x_wconf 72' lang='lat' dir='ltr'>&#39;regia</span> <span class='ocrx_word' id='word_1_458' title='bbox 196 1871 361 1920; x_wconf 82' lang='lat' dir='ltr'>sepulcra</span> <span class='ocrx_word' id='word_1_459' title='bbox 382 1885 510 1915; x_wconf 87' lang='lat' dir='ltr'>erant,</span> <span class='ocrx_word' id='word_1_460' title='bbox 536 1886 583 1909; x_wconf 85' lang='lat' dir='ltr'>an</span> <span class='ocrx_word' id='word_1_461' title='bbox 603 1872 643 1910; x_wconf 91' lang='lat' dir='ltr'>in</span> <span class='ocrx_word' id='word_1_462' title='bbox 663 1875 902 1922; x_wconf 83' lang='lat' dir='ltr'>Necropoli?</span> <span class='ocrx_word' id='word_1_463' title='bbox 930 1876 1014 1910; x_wconf 83' lang='lat' dir='ltr'>Nec</span> <span class='ocrx_word' id='word_1_464' title='bbox 1033 1873 1170 1913; x_wconf 85' lang='lat' dir='ltr'>definit</span> <span class='ocrx_word' id='word_1_465' title='bbox 1188 1876 1281 1921; x_wconf 89' lang='lat' dir='ltr'>quid</span> <span class='ocrx_word' id='word_1_466' title='bbox 1302 1879 1376 1914; x_wconf 89' lang='lat' dir='ltr'>Dd.</span> <span class='ocrx_word' id='word_1_467' title='bbox 1396 1879 1432 1914; x_wconf 80' lang='lat' dir='ltr'><strong>S.</strong></span> <span class='ocrx_word' id='word_1_468' title='bbox 1458 1892 1488 1920; x_wconf 83' lang='lat'>1,</span> <span class='ocrx_word' id='word_1_469' title='bbox 1509 1879 1609 1916; x_wconf 77' lang='lat'><strong>60.1.</strong></span> 
     </span>
     <span class='ocr_line' id='line_1_36' title="bbox 78 1919 1609 1976; baseline 0.006 -21"><span class='ocrx_word' id='word_1_470' title='bbox 78 1933 137 1965; x_wconf 79' lang='lat'>52.</span> <span class='ocrx_word' id='word_1_471' title='bbox 161 1919 238 1968; x_wconf 86' lang='lat' dir='ltr'><strong>sqq.</strong></span> <span class='ocrx_word' id='word_1_472' title='bbox 261 1934 298 1963; x_wconf 88' lang='lat'>2,</span> <span class='ocrx_word' id='word_1_473' title='bbox 319 1933 403 1959; x_wconf 80' lang='lat'><strong>200.</strong></span> <span class='ocrx_word' id='word_1_474' title='bbox 425 1923 451 1960; x_wconf 79' lang='lat'><strong>1.</strong></span> <span class='ocrx_word' id='word_1_475' title='bbox 470 1934 528 1966; x_wconf 87' lang='lat'><strong>97.</strong></span> <span class='ocrx_word' id='word_1_476' title='bbox 549 1922 628 1970; x_wconf 85' lang='lat' dir='ltr'><strong>sqq.</strong></span> <span class='ocrx_word' id='word_1_477' title='bbox 651 1936 690 1960; x_wconf 92' lang='lat' dir='ltr'>et</span> <span class='ocrx_word' id='word_1_478' title='bbox 715 1924 874 1960; x_wconf 78' lang='lat' dir='ltr'>maxime</span> <span class='ocrx_word' id='word_1_479' title='bbox 894 1936 931 1970; x_wconf 84' lang='lat' dir='ltr'><strong>p.</strong></span> <span class='ocrx_word' id='word_1_480' title='bbox 955 1935 1038 1969; x_wconf 85' lang='lat'><strong>279.</strong></span> <span class='ocrx_word' id='word_1_481' title='bbox 1063 1924 1088 1959; x_wconf 84' lang='lat'><strong>1.</strong></span> <span class='ocrx_word' id='word_1_482' title='bbox 1110 1934 1170 1972; x_wconf 90' lang='grc'>32.</span> <span class='ocrx_word' id='word_1_483' title='bbox 1187 1926 1266 1973; x_wconf 88' lang='lat' dir='ltr'><strong>sqq.</strong></span> <span class='ocrx_word' id='word_1_484' title='bbox 1287 1925 1335 1964; x_wconf 89' lang='lat' dir='ltr'>de</span> <span class='ocrx_word' id='word_1_485' title='bbox 1362 1929 1508 1976; x_wconf 84' lang='lat' dir='ltr'>templo</span> <span class='ocrx_word' id='word_1_486' title='bbox 1540 1929 1609 1965; x_wconf 86' lang='lat' dir='ltr'>illo</span> 
     </span>
     <span class='ocr_line' id='line_1_37' title="bbox 74 1970 1607 2027; baseline 0.005 -21"><span class='ocrx_word' id='word_1_487' title='bbox 74 1981 202 2017; x_wconf 77' lang='lat' dir='ltr'>agens.</span> <span class='ocrx_word' id='word_1_488' title='bbox 248 1971 322 2007; x_wconf 85' lang='lat' dir='ltr'>Sed</span> <span class='ocrx_word' id='word_1_489' title='bbox 341 1971 466 2007; x_wconf 83' lang='lat' dir='ltr'>Nostri</span> <span class='ocrx_word' id='word_1_490' title='bbox 488 1970 550 2008; x_wconf 87' lang='lat' dir='ltr'>hic</span> <span class='ocrx_word' id='word_1_491' title='bbox 570 1975 649 2008; x_wconf 88' lang='lat' dir='ltr'>adv.</span> <span class='ocrx_word' id='word_1_492' title='bbox 671 1975 801 2011; x_wconf 65' lang='grc' dir='ltr'><em>ἐκεῖθεν</em></span> <span class='ocrx_word' id='word_1_493' title='bbox 816 1998 826 2014; x_wconf 84' lang='grc'><em>,</em></span> <span class='ocrx_word' id='word_1_494' title='bbox 853 1972 1115 2016; x_wconf 84' lang='lat' dir='ltr'>referendum,</span> <span class='ocrx_word' id='word_1_495' title='bbox 1147 1974 1287 2017; x_wconf 80' lang='lat' dir='ltr'>credo,</span> <span class='ocrx_word' id='word_1_496' title='bbox 1315 1977 1360 2014; x_wconf 82' lang='lat' dir='ltr'>ad</span> <span class='ocrx_word' id='word_1_497' title='bbox 1383 1977 1548 2023; x_wconf 85' lang='lat' dir='ltr'>proxima</span> <span class='ocrx_word' id='word_1_498' title='bbox 1571 1978 1607 2027; x_wconf 84' lang='lat'><strong>§.</strong></span> 
     </span>
     <span class='ocr_line' id='line_1_38' title="bbox 72 2021 1608 2071; baseline 0.007 -18"><span class='ocrx_word' id='word_1_499' title='bbox 72 2031 132 2070; x_wconf 77' lang='lat' dir='ltr'>pr.</span> <span class='ocrx_word' id='word_1_500' title='bbox 153 2023 198 2059; x_wconf 79' lang='grc' dir='ltr'>εἰς</span> <span class='ocrx_word' id='word_1_501' title='bbox 227 2025 284 2057; x_wconf 71' lang='grc' dir='ltr'>τὸν</span> <span class='ocrx_word' id='word_1_502' title='bbox 302 2021 400 2062; x_wconf 63' lang='grc' dir='ltr'><strong><em>νεῶν,</em></strong></span> <span class='ocrx_word' id='word_1_503' title='bbox 428 2021 538 2068; x_wconf 89' lang='lat' dir='ltr'><strong>(qu0,</strong></span> <span class='ocrx_word' id='word_1_504' title='bbox 565 2021 732 2060; x_wconf 85' lang='lat' dir='ltr'>absolute</span> <span class='ocrx_word' id='word_1_505' title='bbox 760 2022 905 2071; x_wconf 77' lang='lat' dir='ltr'>polito,</span> <span class='ocrx_word' id='word_1_506' title='bbox 930 2023 1108 2061; x_wconf 83' lang='lat' dir='ltr'>innuatur</span> <span class='ocrx_word' id='word_1_507' title='bbox 1128 2035 1194 2061; x_wconf 88' lang='lat' dir='ltr'>aut</span> <span class='ocrx_word' id='word_1_508' title='bbox 1214 2036 1336 2062; x_wconf 88' lang='lat' dir='ltr'>unum</span> <span class='ocrx_word' id='word_1_509' title='bbox 1361 2025 1463 2064; x_wconf 79' lang='lat' dir='ltr'>istius</span> <span class='ocrx_word' id='word_1_510' title='bbox 1489 2027 1608 2068; x_wconf 76' lang='lat' dir='ltr'>urbis,</span> 
     </span>
     <span class='ocr_line' id='line_1_39' title="bbox 77 2067 1607 2121; baseline 0.006 -17"><span class='ocrx_word' id='word_1_511' title='bbox 77 2076 138 2104; x_wconf 71' lang='lat' dir='ltr'>aut</span> <span class='ocrx_word' id='word_1_512' title='bbox 158 2067 310 2116; x_wconf 77' lang='lat' dir='ltr'>aliquod</span> <span class='ocrx_word' id='word_1_513' title='bbox 332 2070 588 2119; x_wconf 81' lang='lat' dir='ltr'>praecipuum,</span> <span class='ocrx_word' id='word_1_514' title='bbox 616 2071 655 2107; x_wconf 88' lang='lat' dir='ltr'>id</span> <span class='ocrx_word' id='word_1_515' title='bbox 677 2084 751 2119; x_wconf 90' lang='lat' dir='ltr'>que</span> <span class='ocrx_word' id='word_1_516' title='bbox 770 2071 811 2108; x_wconf 91' lang='lat' dir='ltr'>in</span> <span class='ocrx_word' id='word_1_517' title='bbox 824 2074 935 2115; x_wconf 69' lang='lat' dir='ltr'>urbe,</span> <span class='ocrx_word' id='word_1_518' title='bbox 961 2073 1011 2109; x_wconf 89' lang='lat' dir='ltr'>ob</span> <span class='ocrx_word' id='word_1_519' title='bbox 1032 2084 1088 2121; x_wconf 84' lang='lat' dir='ltr'>pr.</span> <span class='ocrx_word' id='word_1_520' title='bbox 1110 2078 1155 2116; x_wconf 72' lang='grc' dir='ltr'>εἰς</span> <span class='ocrx_word' id='word_1_521' title='bbox 1172 2080 1232 2117; x_wconf 69' lang='grc' dir='ltr'>τὴν</span> <span class='ocrx_word' id='word_1_522' title='bbox 1251 2078 1379 2121; x_wconf 68' lang='grc' dir='ltr'><strong>πόλιν.)</strong></span> <span class='ocrx_word' id='word_1_523' title='bbox 1402 2076 1458 2113; x_wconf 89' lang='lat' dir='ltr'>nil</span> <span class='ocrx_word' id='word_1_524' title='bbox 1479 2078 1607 2119; x_wconf 83' lang='lat' dir='ltr'>docet,</span> 
     </span>
     <span class='ocr_line' id='line_1_40' title="bbox 71 2116 1610 2173; baseline 0.006 -21"><span class='ocrx_word' id='word_1_525' title='bbox 71 2116 185 2166; x_wconf 81' lang='lat' dir='ltr'>&#39;quam</span> <span class='ocrx_word' id='word_1_526' title='bbox 204 2118 246 2154; x_wconf 89' lang='lat' dir='ltr'>in</span> <span class='ocrx_word' id='word_1_527' title='bbox 266 2117 411 2155; x_wconf 87' lang='lat' dir='ltr'>diverso</span> <span class='ocrx_word' id='word_1_528' title='bbox 431 2120 517 2157; x_wconf 90' lang='lat' dir='ltr'>loco</span> <span class='ocrx_word' id='word_1_529' title='bbox 545 2119 653 2157; x_wconf 74' lang='lat' dir='ltr'>fuisse</span> <span class='ocrx_word' id='word_1_530' title='bbox 672 2121 879 2158; x_wconf 85' lang='lat' dir='ltr'>Alexandri</span> <span class='ocrx_word' id='word_1_531' title='bbox 900 2121 1181 2160; x_wconf 83' lang='lat' dir='ltr'>monimentum</span> <span class='ocrx_word' id='word_1_532' title='bbox 1194 2149 1205 2166; x_wconf 91' lang='lat'>,</span> <span class='ocrx_word' id='word_1_533' title='bbox 1235 2135 1276 2161; x_wconf 86' lang='lat' dir='ltr'>et</span> <span class='ocrx_word' id='word_1_534' title='bbox 1295 2124 1424 2162; x_wconf 87' lang='lat' dir='ltr'>saltem</span> <span class='ocrx_word' id='word_1_535' title='bbox 1443 2127 1610 2173; x_wconf 75' lang='lat' dir='ltr'>peculia-</span> 
     </span>
     <span class='ocr_line' id='line_1_41' title="bbox 71 2167 1607 2218; baseline 0.006 -14"><span class='ocrx_word' id='word_1_536' title='bbox 71 2178 151 2204; x_wconf 78' lang='lat' dir='ltr'>rem</span> <span class='ocrx_word' id='word_1_537' title='bbox 178 2179 320 2214; x_wconf 86' lang='lat' dir='ltr'>partem</span> <span class='ocrx_word' id='word_1_538' title='bbox 353 2167 453 2207; x_wconf 83' lang='lat' dir='ltr'>istius</span> <span class='ocrx_word' id='word_1_539' title='bbox 481 2169 634 2216; x_wconf 71' lang='lat' dir='ltr'>templi,</span> <span class='ocrx_word' id='word_1_540' title='bbox 672 2171 778 2218; x_wconf 90' lang='lat' dir='ltr'>quod</span> <span class='ocrx_word' id='word_1_541' title='bbox 809 2172 1045 2209; x_wconf 79' lang='lat' dir='ltr'>Ptolemaeus</span> <span class='ocrx_word' id='word_1_542' title='bbox 1078 2172 1279 2213; x_wconf 80' lang='lat' dir='ltr'>exstruxit,</span> <span class='ocrx_word' id='word_1_543' title='bbox 1316 2173 1341 2210; x_wconf 83' lang='lat' dir='ltr'>fi</span> <span class='ocrx_word' id='word_1_544' title='bbox 1369 2174 1458 2212; x_wconf 89' lang='lat' dir='ltr'>illuc</span> <span class='ocrx_word' id='word_1_545' title='bbox 1487 2175 1607 2213; x_wconf 80' lang='lat' dir='ltr'>statim</span> 
     </span>
     <span class='ocr_line' id='line_1_42' title="bbox 63 2211 1603 2273; baseline 0.006 -23"><span class='ocrx_word' id='word_1_546' title='bbox 63 2211 259 2253; x_wconf 55' lang='lat' dir='ltr'>*Caracalla</span> <span class='ocrx_word' id='word_1_547' title='bbox 279 2218 419 2254; x_wconf 77' lang='lat' dir='ltr'>venisse</span> <span class='ocrx_word' id='word_1_548' title='bbox 437 2219 620 2257; x_wconf 84' lang='lat' dir='ltr'>censetur.</span> <span class='ocrx_word' id='word_1_549' title='bbox 650 2221 692 2256; x_wconf 86' lang='lat' dir='ltr'>ln</span> <span class='ocrx_word' id='word_1_550' title='bbox 710 2220 760 2268; x_wconf 84' lang='lat' dir='ltr'>sq.</span> <span class='ocrx_word' id='word_1_551' title='bbox 785 2242 821 2249; x_wconf 88' lang='lat'>--</span> <span class='ocrx_word' id='word_1_552' title='bbox 847 2233 881 2268; x_wconf 89' lang='lat' dir='ltr'><strong>p.</strong></span> <span class='ocrx_word' id='word_1_553' title='bbox 898 2231 979 2268; x_wconf 88' lang='lat'><strong>939.</strong></span> <span class='ocrx_word' id='word_1_554' title='bbox 1008 2222 1030 2257; x_wconf 90' lang='lat' dir='ltr'>l.</span> <span class='ocrx_word' id='word_1_555' title='bbox 1056 2229 1112 2261; x_wconf 83' lang='lat'>18.</span> <span class='ocrx_word' id='word_1_556' title='bbox 1131 2221 1305 2260; x_wconf 67' lang='lat' dir='ltr'>adiuncta</span> <span class='ocrx_word' id='word_1_557' title='bbox 1332 2222 1406 2261; x_wconf 88' lang='lat' dir='ltr'>duo</span> <span class='ocrx_word' id='word_1_558' title='bbox 1428 2225 1603 2273; x_wconf 84' lang='lat' dir='ltr'>particip.</span> 
     </span>
     <span class='ocr_line' id='line_1_43' title="bbox 68 2265 1605 2321; baseline 0.008 -22"><span class='ocrx_word' id='word_1_559' title='bbox 68 2265 272 2311; x_wconf 71' lang='lat' dir='ltr'>(peculiari</span> <span class='ocrx_word' id='word_1_560' title='bbox 293 2266 453 2310; x_wconf 81' lang='lat' dir='ltr'>ratione,</span> <span class='ocrx_word' id='word_1_561' title='bbox 482 2279 519 2305; x_wconf 86' lang='lat' dir='ltr'>et</span> <span class='ocrx_word' id='word_1_562' title='bbox 539 2268 596 2304; x_wconf 88' lang='lat' dir='ltr'>vel</span> <span class='ocrx_word' id='word_1_563' title='bbox 621 2269 775 2306; x_wconf 89' lang='lat' dir='ltr'>modum</span> <span class='ocrx_word' id='word_1_564' title='bbox 797 2268 1020 2308; x_wconf 84' lang='lat' dir='ltr'>declarantia</span> <span class='ocrx_word' id='word_1_565' title='bbox 1041 2270 1207 2308; x_wconf 80' lang='lat' dir='ltr'>laetitiae</span> <span class='ocrx_word' id='word_1_566' title='bbox 1227 2284 1280 2321; x_wconf 88' lang='lat' dir='ltr'>pr.</span> <span class='ocrx_word' id='word_1_567' title='bbox 1299 2271 1480 2321; x_wconf 82' lang='lat' dir='ltr'>ingentis,</span> <span class='ocrx_word' id='word_1_568' title='bbox 1509 2274 1605 2312; x_wconf 82' lang='lat' dir='ltr'>adeo</span> 
     </span>
     <span class='ocr_line' id='line_1_44' title="bbox 71 2313 1604 2367; baseline 0.008 -19"><span class='ocrx_word' id='word_1_569' title='bbox 71 2324 149 2362; x_wconf 79' lang='lat' dir='ltr'>que</span> <span class='ocrx_word' id='word_1_570' title='bbox 179 2313 395 2353; x_wconf 78' lang='lat' dir='ltr'>resolvenda</span> <span class='ocrx_word' id='word_1_571' title='bbox 416 2330 486 2364; x_wconf 88' lang='lat' dir='ltr'>per</span> <span class='ocrx_word' id='word_1_572' title='bbox 508 2317 726 2365; x_wconf 82' lang='lat' dir='ltr'>particulam</span> <span class='ocrx_word' id='word_1_573' title='bbox 747 2321 852 2364; x_wconf 84' lang='lat' dir='ltr'>dum,</span> <span class='ocrx_word' id='word_1_574' title='bbox 878 2321 937 2357; x_wconf 91' lang='lat' dir='ltr'>vel</span> <span class='ocrx_word' id='word_1_575' title='bbox 968 2332 1035 2367; x_wconf 89' lang='lat' dir='ltr'>per</span> <span class='ocrx_word' id='word_1_576' title='bbox 1063 2319 1100 2355; x_wconf 89' lang='lat' dir='ltr'>se</span> <span class='ocrx_word' id='word_1_577' title='bbox 1121 2320 1300 2358; x_wconf 87' lang='lat' dir='ltr'>sumenda</span> <span class='ocrx_word' id='word_1_578' title='bbox 1321 2334 1360 2360; x_wconf 87' lang='lat' dir='ltr'>et</span> <span class='ocrx_word' id='word_1_579' title='bbox 1383 2323 1604 2362; x_wconf 69' lang='lat' dir='ltr'>resolvenda</span> 
     </span>
     <span class='ocr_line' id='line_1_45' title="bbox 70 2363 1602 2422; baseline 0.009 -25"><span class='ocrx_word' id='word_1_580' title='bbox 70 2363 143 2413; x_wconf 82' lang='lat' dir='ltr'>&#39;per</span> <span class='ocrx_word' id='word_1_581' title='bbox 174 2365 360 2411; x_wconf 83' lang='lat' dir='ltr'>copulam)</span> <span class='ocrx_word' id='word_1_582' title='bbox 391 2368 584 2405; x_wconf 83' lang='lat' dir='ltr'>contrahit</span> <span class='ocrx_word' id='word_1_583' title='bbox 616 2369 679 2416; x_wconf 82' lang='lat' dir='ltr'><strong>Bg.</strong></span> <span class='ocrx_word' id='word_1_584' title='bbox 705 2389 741 2396; x_wconf 94' lang='lat'>--</span> <span class='ocrx_word' id='word_1_585' title='bbox 783 2369 834 2407; x_wconf 89' lang='lat' dir='ltr'>ib.</span> <span class='ocrx_word' id='word_1_586' title='bbox 863 2370 886 2405; x_wconf 91' lang='lat' dir='ltr'>l.</span> <span class='ocrx_word' id='word_1_587' title='bbox 907 2382 965 2414; x_wconf 84' lang='lat'><strong>29.</strong></span> <span class='ocrx_word' id='word_1_588' title='bbox 997 2367 1197 2412; x_wconf 65' lang='grc' dir='ltr'><strong>ἀνι-ὤλεσεν.</strong></span> <span class='ocrx_word' id='word_1_589' title='bbox 1233 2370 1357 2407; x_wconf 68' lang='lat' dir='ltr'>iunsta</span> <span class='ocrx_word' id='word_1_590' title='bbox 1389 2382 1468 2408; x_wconf 85' lang='lat' dir='ltr'>tota</span> <span class='ocrx_word' id='word_1_591' title='bbox 1498 2374 1531 2422; x_wconf 86' lang='lat'><strong>§.</strong></span> <span class='ocrx_word' id='word_1_592' title='bbox 1555 2386 1602 2410; x_wconf 82' lang='lat' dir='ltr'>ex</span> 
     </span>
     <span class='ocr_line' id='line_1_46' title="bbox 72 2412 1603 2468; baseline 0.009 -21"><span class='ocrx_word' id='word_1_593' title='bbox 72 2412 218 2461; x_wconf 83' lang='lat' dir='ltr'>analog.</span> <span class='ocrx_word' id='word_1_594' title='bbox 240 2433 274 2440; x_wconf 88' lang='lat'>-—</span> <span class='ocrx_word' id='word_1_595' title='bbox 298 2413 346 2450; x_wconf 83' lang='lat' dir='ltr'>ib.</span> <span class='ocrx_word' id='word_1_596' title='bbox 364 2414 390 2451; x_wconf 82' lang='lat'><strong>1.</strong></span> <span class='ocrx_word' id='word_1_597' title='bbox 404 2426 461 2462; x_wconf 84' lang='lat'><strong>32.</strong></span> <span class='ocrx_word' id='word_1_598' title='bbox 480 2418 663 2460; x_wconf 82' lang='lat' dir='ltr'>occultum,</span> <span class='ocrx_word' id='word_1_599' title='bbox 692 2417 730 2454; x_wconf 93' lang='lat' dir='ltr'>it.</span> <span class='ocrx_word' id='word_1_600' title='bbox 753 2416 795 2455; x_wconf 88' lang='lat' dir='ltr'>in</span> <span class='ocrx_word' id='word_1_601' title='bbox 819 2424 889 2456; x_wconf 78' lang='grc' dir='ltr'><strong>αἰτ.</strong></span> <span class='ocrx_word' id='word_1_602' title='bbox 910 2431 997 2455; x_wconf 87' lang='lat' dir='ltr'>curn</span> <span class='ocrx_word' id='word_1_603' title='bbox 1018 2435 1051 2455; x_wconf 80' lang='grc' dir='ltr'>τ.</span> <span class='ocrx_word' id='word_1_604' title='bbox 1073 2434 1120 2461; x_wconf 72' lang='lat' dir='ltr'>v..</span> <span class='ocrx_word' id='word_1_605' title='bbox 1145 2418 1321 2456; x_wconf 76' lang='lat' dir='ltr'>variando</span> <span class='ocrx_word' id='word_1_606' title='bbox 1341 2419 1445 2459; x_wconf 81' lang='lat' dir='ltr'>fimul</span> <span class='ocrx_word' id='word_1_607' title='bbox 1466 2435 1550 2460; x_wconf 89' lang='lat' dir='ltr'>cum</span> <span class='ocrx_word' id='word_1_608' title='bbox 1566 2424 1603 2468; x_wconf 71' lang='lat' dir='ltr'>i.</span> 
     </span>
     <span class='ocr_line' id='line_1_47' title="bbox 75 2463 1601 2516; baseline 0.007 -17"><span class='ocrx_word' id='word_1_609' title='bbox 75 2473 135 2503; x_wconf 71' lang='lat'>1¹»</span> <span class='ocrx_word' id='word_1_610' title='bbox 154 2474 182 2497; x_wconf 85' lang='lat'>¹-</span> <span class='ocrx_word' id='word_1_611' title='bbox 218 2474 249 2504; x_wconf 83' lang='lat'>1,</span> <span class='ocrx_word' id='word_1_612' title='bbox 268 2474 369 2507; x_wconf 82' lang='lat'><strong>12,7.</strong></span> <span class='ocrx_word' id='word_1_613' title='bbox 389 2470 460 2503; x_wconf 75' lang='grc' dir='ltr'><strong>αὶτ.</strong></span> <span class='ocrx_word' id='word_1_614' title='bbox 481 2463 655 2509; x_wconf 64' lang='grc' dir='ltr'><strong>τοιαύτης.</strong></span> <span class='ocrx_word' id='word_1_615' title='bbox 679 2487 714 2495; x_wconf 83' lang='lat'>--</span> <span class='ocrx_word' id='word_1_616' title='bbox 743 2481 779 2515; x_wconf 84' lang='lat' dir='ltr'><strong>p.</strong></span> <span class='ocrx_word' id='word_1_617' title='bbox 794 2479 878 2513; x_wconf 75' lang='lat'><strong>940.</strong></span> <span class='ocrx_word' id='word_1_618' title='bbox 896 2467 917 2504; x_wconf 85' lang='lat' dir='ltr'>l.</span> <span class='ocrx_word' id='word_1_619' title='bbox 945 2477 1000 2509; x_wconf 84' lang='lat'><strong>18.</strong></span> <span class='ocrx_word' id='word_1_620' title='bbox 1025 2468 1065 2504; x_wconf 88' lang='lat' dir='ltr'>in</span> <span class='ocrx_word' id='word_1_621' title='bbox 1081 2467 1134 2516; x_wconf 85' lang='lat' dir='ltr'>sq.</span> <span class='ocrx_word' id='word_1_622' title='bbox 1153 2480 1198 2507; x_wconf 78' lang='lat' dir='ltr'>ex</span> <span class='ocrx_word' id='word_1_623' title='bbox 1218 2469 1324 2505; x_wconf 85' lang='lat' dir='ltr'>analo</span> <span class='ocrx_word' id='word_1_624' title='bbox 1354 2497 1361 2505; x_wconf 90' lang='lat'><strong>.</strong></span> <span class='ocrx_word' id='word_1_625' title='bbox 1382 2473 1550 2509; x_wconf 86' lang='lat' dir='ltr'>membro</span> <span class='ocrx_word' id='word_1_626' title='bbox 1563 2493 1601 2501; x_wconf 83' lang='lat'>--</span> 
     </span>
     <span class='ocr_line' id='line_1_48' title="bbox 72 2511 1600 2572; baseline 0.007 -24"><span class='ocrx_word' id='word_1_627' title='bbox 72 2511 124 2548; x_wconf 82' lang='lat' dir='ltr'>ib.</span> <span class='ocrx_word' id='word_1_628' title='bbox 153 2511 178 2546; x_wconf 93' lang='lat' dir='ltr'>l.</span> <span class='ocrx_word' id='word_1_629' title='bbox 201 2524 258 2555; x_wconf 84' lang='lat'>²9-</span> <span class='ocrx_word' id='word_1_630' title='bbox 281 2511 403 2548; x_wconf 79' lang='lat' dir='ltr'>Nostri</span> <span class='ocrx_word' id='word_1_631' title='bbox 435 2527 500 2563; x_wconf 84' lang='lat' dir='ltr'>per</span> <span class='ocrx_word' id='word_1_632' title='bbox 528 2517 673 2565; x_wconf 86' lang='lat' dir='ltr'>analog.</span> <span class='ocrx_word' id='word_1_633' title='bbox 698 2516 897 2565; x_wconf 74' lang='lat' dir='ltr'>periphrasi</span> <span class='ocrx_word' id='word_1_634' title='bbox 923 2537 959 2545; x_wconf 87' lang='lat'>—-</span> <span class='ocrx_word' id='word_1_635' title='bbox 1007 2530 1045 2565; x_wconf 87' lang='lat' dir='ltr'><strong>p.</strong></span> <span class='ocrx_word' id='word_1_636' title='bbox 1067 2529 1152 2564; x_wconf 77' lang='lat'><strong>944.</strong></span> <span class='ocrx_word' id='word_1_637' title='bbox 1176 2517 1199 2553; x_wconf 91' lang='lat' dir='ltr'>l.</span> <span class='ocrx_word' id='word_1_638' title='bbox 1228 2528 1281 2565; x_wconf 83' lang='lat'>13·</span> <span class='ocrx_word' id='word_1_639' title='bbox 1313 2535 1376 2564; x_wconf 71' lang='grc' dir='ltr'><strong>αμ.</strong></span> <span class='ocrx_word' id='word_1_640' title='bbox 1404 2531 1448 2556; x_wconf 87' lang='lat' dir='ltr'>ut</span> <span class='ocrx_word' id='word_1_641' title='bbox 1479 2520 1520 2558; x_wconf 87' lang='lat' dir='ltr'>in</span> <span class='ocrx_word' id='word_1_642' title='bbox 1542 2534 1600 2572; x_wconf 86' lang='lat' dir='ltr'>pr.</span> 
     </span>
     <span class='ocr_line' id='line_1_49' title="bbox 73 2561 1296 2615; baseline 0.004 -17"><span class='ocrx_word' id='word_1_643' title='bbox 73 2576 121 2598; x_wconf 78' lang='grc' dir='ltr'>κν.</span> <span class='ocrx_word' id='word_1_644' title='bbox 143 2573 227 2597; x_wconf 86' lang='lat' dir='ltr'>cum</span> <span class='ocrx_word' id='word_1_645' title='bbox 250 2561 444 2600; x_wconf 76' lang='lat' dir='ltr'>adiunffis.</span> <span class='ocrx_word' id='word_1_646' title='bbox 472 2585 508 2592; x_wconf 88' lang='lat'>—-</span> <span class='ocrx_word' id='word_1_647' title='bbox 541 2565 590 2602; x_wconf 88' lang='lat' dir='ltr'>ib.</span> <span class='ocrx_word' id='word_1_648' title='bbox 611 2566 634 2600; x_wconf 90' lang='lat' dir='ltr'>l.</span> <span class='ocrx_word' id='word_1_649' title='bbox 657 2569 716 2611; x_wconf 84' lang='lat'><strong>46.</strong></span> <span class='ocrx_word' id='word_1_650' title='bbox 738 2566 866 2614; x_wconf 86' lang='lat' dir='ltr'>potius</span> <span class='ocrx_word' id='word_1_651' title='bbox 884 2566 925 2603; x_wconf 89' lang='lat' dir='ltr'>in</span> <span class='ocrx_word' id='word_1_652' title='bbox 942 2566 1143 2603; x_wconf 79' lang='lat' dir='ltr'>notionem</span> <span class='ocrx_word' id='word_1_653' title='bbox 1168 2579 1236 2615; x_wconf 86' lang='lat' dir='ltr'>pro</span> <span class='ocrx_word' id='word_1_654' title='bbox 1259 2586 1296 2596; x_wconf 88' lang='lat'>--</span> 
     </span>
    </p>

    <p class='ocr_par' dir='ltr' id='par_1_6' title="bbox 62 2612 1601 2856">
     <span class='ocr_line' id='line_1_50' title="bbox 62 2612 1601 2668; baseline 0.007 -23"><span class='ocrx_word' id='word_1_655' title='bbox 62 2615 65 2619; x_wconf 83' lang='lat'>&#39;</span> <span class='ocrx_word' id='word_1_656' title='bbox 192 2612 226 2646; x_wconf 94' lang='lat' dir='ltr'>O</span> <span class='ocrx_word' id='word_1_657' title='bbox 240 2624 261 2646; x_wconf 92' lang='lat' dir='ltr'>o</span> <span class='ocrx_word' id='word_1_658' title='bbox 275 2623 309 2647; x_wconf 93' lang='lat' dir='ltr'>o.</span> <span class='ocrx_word' id='word_1_659' title='bbox 365 2622 402 2660; x_wconf 87' lang='lat' dir='ltr'><strong>p.</strong></span> <span class='ocrx_word' id='word_1_660' title='bbox 417 2624 498 2659; x_wconf 84' lang='lat'><strong>945.</strong></span> <span class='ocrx_word' id='word_1_661' title='bbox 521 2615 545 2650; x_wconf 91' lang='grc' dir='ltr'>Ι.</span> <span class='ocrx_word' id='word_1_662' title='bbox 562 2626 616 2650; x_wconf 80' lang='grc' dir='ltr'>ι2.</span> <span class='ocrx_word' id='word_1_663' title='bbox 639 2615 913 2662; x_wconf 64' lang='grc' dir='ltr'>Ἀλεξάνδρεια-ι,</span> <span class='ocrx_word' id='word_1_664' title='bbox 943 2628 1010 2663; x_wconf 87' lang='lat' dir='ltr'>pro</span> <span class='ocrx_word' id='word_1_665' title='bbox 1033 2627 1110 2664; x_wconf 90' lang='lat' dir='ltr'>quo</span> <span class='ocrx_word' id='word_1_666' title='bbox 1130 2615 1263 2654; x_wconf 86' lang='lat' dir='ltr'>Noster</span> <span class='ocrx_word' id='word_1_667' title='bbox 1283 2629 1352 2665; x_wconf 84' lang='lat' dir='ltr'>per</span> <span class='ocrx_word' id='word_1_668' title='bbox 1373 2618 1519 2668; x_wconf 83' lang='lat' dir='ltr'>analog.</span> <span class='ocrx_word' id='word_1_669' title='bbox 1538 2627 1601 2664; x_wconf 62' lang='grc' dir='ltr'>τὴν</span> 
     </span>
     <span class='ocr_line' id='line_1_51' title="bbox 70 2660 1600 2714; baseline 0.008 -18"><span class='ocrx_word' id='word_1_670' title='bbox 70 2672 104 2696; x_wconf 70' lang='grc' dir='ltr'>τ.</span> <span class='ocrx_word' id='word_1_671' title='bbox 125 2661 177 2698; x_wconf 78' lang='grc' dir='ltr'><strong>ἒιδ.</strong></span> <span class='ocrx_word' id='word_1_672' title='bbox 201 2665 251 2698; x_wconf 72' lang='grc' dir='ltr'>ἂν.</span> <span class='ocrx_word' id='word_1_673' title='bbox 280 2661 322 2698; x_wconf 85' lang='lat' dir='ltr'>it.</span> <span class='ocrx_word' id='word_1_674' title='bbox 352 2660 394 2697; x_wconf 87' lang='lat' dir='ltr'>in</span> <span class='ocrx_word' id='word_1_675' title='bbox 415 2661 467 2710; x_wconf 80' lang='lat' dir='ltr'><strong>sq,</strong></span> <span class='ocrx_word' id='word_1_676' title='bbox 486 2675 565 2702; x_wconf 72' lang='grc' dir='ltr'><strong>κοιλ.</strong></span> <span class='ocrx_word' id='word_1_677' title='bbox 584 2676 616 2700; x_wconf 76' lang='grc' dir='ltr'>λ.</span> <span class='ocrx_word' id='word_1_678' title='bbox 639 2676 679 2700; x_wconf 88' lang='lat' dir='ltr'>et</span> <span class='ocrx_word' id='word_1_679' title='bbox 699 2668 863 2701; x_wconf 83' lang='lat' dir='ltr'>membra</span> <span class='ocrx_word' id='word_1_680' title='bbox 884 2665 947 2702; x_wconf 87' lang='lat' dir='ltr'>rel.</span> <span class='ocrx_word' id='word_1_681' title='bbox 970 2685 1006 2691; x_wconf 85' lang='lat'>—-</span> <span class='ocrx_word' id='word_1_682' title='bbox 1041 2677 1078 2712; x_wconf 87' lang='lat' dir='ltr'><strong>p.</strong></span> <span class='ocrx_word' id='word_1_683' title='bbox 1102 2677 1186 2711; x_wconf 77' lang='lat'><strong>947.</strong></span> <span class='ocrx_word' id='word_1_684' title='bbox 1217 2667 1243 2702; x_wconf 83' lang='lat'><strong>1.</strong></span> <span class='ocrx_word' id='word_1_685' title='bbox 1265 2677 1322 2714; x_wconf 81' lang='lat'>35.</span> <span class='ocrx_word' id='word_1_686' title='bbox 1344 2669 1600 2708; x_wconf 86' lang='lat' dir='ltr'>membrorum</span> 
     </span>
     <span class='ocr_line' id='line_1_52' title="bbox 63 2711 1600 2762; baseline 0.007 -18"><span class='ocrx_word' id='word_1_687' title='bbox 63 2720 114 2744; x_wconf 69' lang='lat' dir='ltr'>rex</span> <span class='ocrx_word' id='word_1_688' title='bbox 133 2711 278 2757; x_wconf 82' lang='lat' dir='ltr'>analog.</span> <span class='ocrx_word' id='word_1_689' title='bbox 304 2730 339 2739; x_wconf 82' lang='lat'>--</span> <span class='ocrx_word' id='word_1_690' title='bbox 366 2711 416 2747; x_wconf 88' lang='lat' dir='ltr'>ib.</span> <span class='ocrx_word' id='word_1_691' title='bbox 435 2713 534 2759; x_wconf 86' lang='lat' dir='ltr'><strong>l.43.</strong></span> <span class='ocrx_word' id='word_1_692' title='bbox 558 2713 772 2750; x_wconf 54' lang='lat' dir='ltr'>minuetum</span> <span class='ocrx_word' id='word_1_693' title='bbox 789 2713 836 2750; x_wconf 87' lang='lat' dir='ltr'>de</span> <span class='ocrx_word' id='word_1_694' title='bbox 856 2713 923 2751; x_wconf 86' lang='lat' dir='ltr'>suo</span> <span class='ocrx_word' id='word_1_695' title='bbox 945 2727 979 2750; x_wconf 89' lang='lat' dir='ltr'><strong>v.</strong></span> <span class='ocrx_word' id='word_1_696' title='bbox 1000 2729 1153 2760; x_wconf 60' lang='lat' dir='ltr'>suvsogr.</span> <span class='ocrx_word' id='word_1_697' title='bbox 1173 2735 1208 2742; x_wconf 81' lang='lat'>—-</span> <span class='ocrx_word' id='word_1_698' title='bbox 1237 2727 1272 2762; x_wconf 88' lang='lat' dir='ltr'><strong>p.</strong></span> <span class='ocrx_word' id='word_1_699' title='bbox 1285 2725 1370 2761; x_wconf 76' lang='lat'><strong>948.</strong></span> <span class='ocrx_word' id='word_1_700' title='bbox 1392 2718 1416 2752; x_wconf 92' lang='lat' dir='ltr'>l.</span> <span class='ocrx_word' id='word_1_701' title='bbox 1440 2727 1498 2757; x_wconf 80' lang='lat'><strong>28.</strong></span> <span class='ocrx_word' id='word_1_702' title='bbox 1517 2721 1600 2762; x_wconf 62' lang='lat' dir='ltr'>rel„</span> 
     </span>
     <span class='ocr_line' id='line_1_53' title="bbox 66 2755 1599 2816; baseline 0.008 -24"><span class='ocrx_word' id='word_1_703' title='bbox 66 2755 163 2793; x_wconf 77' lang='lat' dir='ltr'>datis</span> <span class='ocrx_word' id='word_1_704' title='bbox 192 2771 257 2805; x_wconf 85' lang='lat' dir='ltr'>per</span> <span class='ocrx_word' id='word_1_705' title='bbox 280 2759 423 2809; x_wconf 83' lang='lat' dir='ltr'>analog.</span> <span class='ocrx_word' id='word_1_706' title='bbox 450 2762 626 2798; x_wconf 86' lang='lat' dir='ltr'>omnibus</span> <span class='ocrx_word' id='word_1_707' title='bbox 649 2760 739 2800; x_wconf 84' lang='lat' dir='ltr'>inde</span> <span class='ocrx_word' id='word_1_708' title='bbox 762 2776 781 2798; x_wconf 89' lang='lat' dir='ltr'>a</span> <span class='ocrx_word' id='word_1_709' title='bbox 801 2775 856 2810; x_wconf 85' lang='lat' dir='ltr'>pr.</span> <span class='ocrx_word' id='word_1_710' title='bbox 877 2769 918 2804; x_wconf 78' lang='grc' dir='ltr'>ὡς</span> <span class='ocrx_word' id='word_1_711' title='bbox 940 2783 977 2790; x_wconf 93' lang='grc'>--</span> <span class='ocrx_word' id='word_1_712' title='bbox 1012 2764 1060 2799; x_wconf 83' lang='lat' dir='ltr'>ib.</span> <span class='ocrx_word' id='word_1_713' title='bbox 1085 2765 1109 2799; x_wconf 91' lang='lat' dir='ltr'>l.</span> <span class='ocrx_word' id='word_1_714' title='bbox 1133 2768 1190 2811; x_wconf 85' lang='lat'><strong>36.</strong></span> <span class='ocrx_word' id='word_1_715' title='bbox 1210 2763 1251 2800; x_wconf 89' lang='lat' dir='ltr'>in</span> <span class='ocrx_word' id='word_1_716' title='bbox 1272 2769 1348 2802; x_wconf 77' lang='grc' dir='ltr'><strong>πεδ.</strong></span> <span class='ocrx_word' id='word_1_717' title='bbox 1364 2792 1374 2808; x_wconf 89' lang='grc'><strong><em>,</em></strong></span> <span class='ocrx_word' id='word_1_718' title='bbox 1404 2767 1492 2811; x_wconf 88' lang='lat' dir='ltr'>(nec</span> <span class='ocrx_word' id='word_1_719' title='bbox 1518 2768 1599 2816; x_wconf 84' lang='lat' dir='ltr'>ipse</span> 
     </span>
     <span class='ocr_line' id='line_1_54' title="bbox 63 2806 1601 2856; baseline 0.008 -14"><span class='ocrx_word' id='word_1_720' title='bbox 63 2814 194 2845; x_wconf 84' lang='lat' dir='ltr'>tamen</span> <span class='ocrx_word' id='word_1_721' title='bbox 212 2806 409 2854; x_wconf 79' lang='lat' dir='ltr'>definiens,</span> <span class='ocrx_word' id='word_1_722' title='bbox 429 2809 526 2848; x_wconf 85' lang='lat' dir='ltr'>intra</span> <span class='ocrx_word' id='word_1_723' title='bbox 547 2811 675 2850; x_wconf 76' lang='lat' dir='ltr'>urbem</span> <span class='ocrx_word' id='word_1_724' title='bbox 695 2812 825 2856; x_wconf 77' lang='lat' dir='ltr'>fuerit,</span> <span class='ocrx_word' id='word_1_725' title='bbox 850 2825 895 2850; x_wconf 86' lang='lat' dir='ltr'>an</span> <span class='ocrx_word' id='word_1_726' title='bbox 917 2823 1036 2856; x_wconf 58' lang='lat' dir='ltr'>extra,</span> <span class='ocrx_word' id='word_1_727' title='bbox 1058 2812 1147 2852; x_wconf 81' lang='lat' dir='ltr'>dum</span> <span class='ocrx_word' id='word_1_728' title='bbox 1168 2813 1266 2851; x_wconf 82' lang='lat' dir='ltr'>infra</span> <span class='ocrx_word' id='word_1_729' title='bbox 1291 2815 1330 2851; x_wconf 86' lang='lat' dir='ltr'>in</span> <span class='ocrx_word' id='word_1_730' title='bbox 1352 2815 1420 2853; x_wconf 63' lang='lat' dir='ltr'>aila</span> <span class='ocrx_word' id='word_1_731' title='bbox 1433 2829 1473 2853; x_wconf 83' lang='lat' dir='ltr'>re</span> <span class='ocrx_word' id='word_1_732' title='bbox 1486 2816 1601 2856; x_wconf 61' lang='lat' dir='ltr'>diser³</span> 
     </span>
    </p>
   </div>
  </div>
 </body>
</html>
