1722 3086
148 121 217 179 96
294 119 464 166 LIBER
483 119 540 164 ΙΙ.
570 119 695 165 CAP.
715 119 791 165 ΠΙ.
828 121 881 167 Α.
904 121 960 167 V.
985 122 1032 168 C.
1058 121 1179 178 946.
1223 125 1363 172 CHR.
1375 127 1439 174 N.
1462 134 1578 185 193.

138 233 449 306 ,,πεςιγε’νοιτο,
499 237 536 282 εἰ
564 245 587 280 P
623 230 683 300 pu)
717 236 765 283 ἐκ
797 237 875 284 ’τοῦ
914 256 983 299 re,
1040 238 1117 309 ’²²'st
1151 257 1204 289 ex
1246 242 1449 310 rapiendo
1482 253 1522 294 et
1554 247 1648 296 vio..

136 307 332 382 „523de
333 331 385 359 ειν
397 310 474 360 καὶ
485 305 605 378 ficol(
604 309 740 372 εσθοᾳ
755 322 798 356 q·
825 307 875 360 τε)
912 312 1057 363 lando.
1155 315 1262 366 Cum
1301 320 1466 369 ratione
1509 331 1647 372 autem

139 384 217 451 »δὲ
250 387 459 451 λογισμῷ
488 385 744 436 ‘noim-axx}
772 388 873 435 κατ’
913 392 1056 440 omnia
1091 400 1131 442 et
1161 410 1250 460 pro
1283 393 1491 457 dignitate
1511 397 1646 448 cuim·

138 461 304 532 ,,οὶξίσιν
317 475 333 497 ¹·
365 461 530 516 §nois-ov
556 458 575 491 s
589 462 742 528 νέμειν,
778 463 879 512 ἄνευ
920 484 1000 535 que
1068 466 1249 518 tribuere
1305 469 1402 540 fine
1473 471 1646 523 alicuius

224 596 261 637 p)
286 594 322 626 ln
341 593 386 626 M.
405 594 458 626 Ba.
475 595 502 624 εἴ
521 590 617 623 abest.
638 593 745 625 Mart.
769 592 870 624 etiam
888 592 922 624 in
942 594 989 627 M.
1010 595 1071 626 Ve.
1093 606 1127 626 v.
1148 596 1193 629 N.
1264 597 1301 640 q)
1327 597 1402 629 Hoc
1418 598 1520 630 colon
1547 597 1644 632 estin

137 642 211 682 Stp.
229 640 292 676 aL,
324 649 387 680 pro
407 637 466 669 rel.
484 637 628 679 puncto,
660 647 699 668 ut
717 637 750 668 in
771 638 819 669 M.
836 638 914 678 Eg„
936 649 970 670 v.
992 638 1033 671 N.
1101 645 1128 679 r)
1151 642 1197 674 lta
1225 651 1260 673 et
1285 644 1319 673 in
1340 643 1385 676 Μ,
1404 642 1483 681 Ba„
1515 653 1647 677 nonne

135 683 374 763 {13:55le5.
408 682 451 716 cf.
468 686 569 724 βας.
588 692 656 721 m..
682 692 743 725 per
771 681 1026 716 inconstantiam
1050 687 1139 725 Ms.,
1165 696 1204 719 ut
1231 688 1266 719 in
1293 687 1382 721 aliis.
1457 688 1494 733 s)
1519 692 1567 724 M.
1587 689 1644 746 Ba·

130 833 258 885 grosse
278 834 356 870 und
367 827 678 870 unbedachtsame
699 827 911 879 Geschencke
929 829 953 866 s
974 830 1262 881 Freygebigkeit
1275 833 1387 869 einem
1413 832 1520 871 nicht
1548 831 1647 885 ἤιὸζξ·

131 885 202 923 lich
221 885 369 920 werden
381 906 392 923 ‚
424 882 522 917 nicht
539 880 840 925 verstattetst'nd,
865 880 917 918 als
938 882 1050 918 durch
1069 882 1132 919 rel.
1616 890 1627 917 ’,

180 939 209 973 εἰ
224 932 286 980 μὴ)
313 933 412 969 Male
431 931 522 968 illud
541 935 571 967 εἰ
586 929 682 967 abest
701 943 720 966 a
739 931 833 968 Cod.
850 931 987 967 Stroth.
1039 931 1173 972 Reste,
1199 929 1364 978 elapsum
1381 931 1495 968 modo
1517 932 1566 968 ob
1586 944 1644 980 pr.

132 994 198 1021 aut
219 983 269 1031 sq.
291 981 485 1032 syllabam,
515 990 556 1017 et
574 993 592 1015 a
614 981 652 1016 P.
675 991 826 1028 quoque
844 979 1049 1023 ostensum,
1074 992 1284 1030 quanquam
1306 980 1458 1029 oblique
1480 986 1643 1023 tantuin.

131 1044 246 1081 quem
268 1042 308 1069 et
328 1031 464 1069 deserit·
481 1030 566 1065 Sch.
585 1027 626 1065 in
649 1029 733 1076 „ign
754 1041 799 1065 ex
819 1030 970 1077 rapina,
996 1036 1030 1076 β.
1049 1031 1124 1073 vim
1139 1039 1177 1066 et
1195 1028 1361 1076 rapinam
1383 1030 1556 1077 inferre“
1582 1029 1644 1068 se-

130 1081 260 1118 verius
280 1092 412 1130 agente
429 1081 513 1127 Bg„
543 1078 651 1114 cuius
665 1090 705 1115 et
722 1076 927 1116 secundum
946 1080 1028 1116 Lat.
1050 1092 1107 1126 ap.
1125 1080 1174 1116 G.
1192 1080 1267 1116 Th.
1289 1091 1376 1115 cum
1391 1080 1457 1116 Gr.
1470 1092 1507 1116 n.
1527 1091 1567 1116 et
1581 1084 1644 1128 ap.
1666 1122 1669 1125 ,

131 1132 214 1179 Stp.
233 1131 305 1167 Th.
325 1129 496 1171 aliunde,
523 1127 588 1176 qui
605 1139 729 1165 tamen
748 1127 829 1164 filet
844 1129 891 1165 de
909 1129 1092 1176 copulatis
1110 1128 1169 1166 his
1190 1140 1224 1166 v.
1249 1128 1416 1170 duobus,
1443 1132 1520 1177 qu'o
1532 1128 1641 1167 decr.

126 1181 224 1220 Abx.
245 1180 305 1217 Dl.
328 1180 403 1216 Th.
425 1190 459 1225 p.
477 1187 534 1224 23.
558 1190 592 1215 e.
643 1178 841 1214 Caeterum
859 1179 941 1226 Stp.
957 1177 1052 1215 ratio
1072 1177 1113 1215 in
1131 1179 1440 1227 intes-pungendo
1449 1191 1516 1226 per
1526 1179 1642 1216 colon
1697 1203 1700 1209 -

130 1229 196 1269 hic
217 1230 257 1267 in
276 1235 336 1274 μὲν
354 1239 393 1265 et
410 1230 445 1264 δὲ
463 1226 587 1264 relatis
608 1225 762 1268 melior,
796 1239 908 1275 quam
927 1229 991 1276 Bg.
1619 1246 1622 1254 =

180 1279 262 1327 οἷς-ι.
282 1297 313 1316 κ.
336 1283 390 1323 β.)
417 1275 490 1313 Etsi
509 1276 677 1314 luxuriae
693 1284 733 1313 et
748 1275 908 1314 sordium
921 1275 1119 1325 turpiffima
1131 1275 1283 1312 societas
1294 1276 1363 1313 est:
1395 1276 1502 1324 saepe
1513 1271 1642 1315 tamen

130 1328 255 1367 iuncta
279 1326 528 1376 reperiuntur.
587 1325 685 1363 Plin.
706 1339 765 1373 ep.
785 1338 820 1369 2,
839 1330 876 1368 6,
905 1329 958 1373 (1.
980 1340 1013 1363 e.
1034 1336 1073 1363 et
1087 1328 1140 1374 7.)
1170 1325 1256 1361 Sall.
1284 1326 1382 1371 (Cat.
1401 1338 1434 1370 ς,
1452 1329 1504 1371 4.)
1526 1325 1641 1364 alieni
1698 1347 1705 1351 -

128 1388 319 1428 appetens,
349 1376 404 1413 sui
426 1374 613 1425 profusus,
655 1375 754 1412 idem
772 1394 810 1402 —
835 1387 921 1424 quos
941 1373 1084 1425 peffima
1111 1389 1153 1412 ac
1183 1373 1329 1422 diversa
1356 1376 1455 1422 inter
1467 1376 1508 1424 se
1533 1377 1645 1419 mala,

129 1429 280 1466 luxuria
298 1437 405 1474 atque
423 1425 592 1461 avaritia
611 1425 814 1467 vexabant,
841 1425 907 1471 (cf.
927 1425 1008 1462 Cat.
1030 1438 1087 1469 ιε,
1106 1426 1156 1470 2.)
1181 1425 1252 1472 Ap.
1271 1424 1349 1461 Liv.
1363 1435 1420 1473 34.
1442 1427 1560 1468 Cam,
1586 1427 1644 1470 di-

128 1477 306 1525 versisque
326 1476 454 1512 duobus
471 1475 576 1511 vitiis
595 1475 763 1511 avaritia
781 1483 818 1511 et
843 1475 989 1512 luxuria
1010 1475 1196 1513 civitatem
1217 1475 1398 1511 laborare.
1460 1474 1538 1511 Dio
1561 1475 1642 1512 Cas.

130 1527 180 1565 de
199 1527 350 1565 Nerone
366 1529 478 1563 πολλὰ
498 1521 665 1570 χρήματα
681 1529 895 1567 ἀνηλίσκετο,
913 1545 954 1553 —-
971 1529 1082 1563 πολλὰ
1108 1527 1145 1562 δέ
1163 1528 1279 1569 βιαίως
1307 1522 1501 1572 ἧςπᾶζετό,
1532 1534 1572 1560 et
1594 1526 1644 1567 &e

127 1577 186 1663 {214⁰
205 1573 376 1662 Atittonio
396 1579 442 1611 τὰ
461 1570 629 1659 ἱὶλλὸτξια
647 1571 800 1621 ἥρπαζε,
826 1573 882 1619 καὶ
897 1579 944 1612 τὲ
962 1578 1067 1613 οἰκεῖα
1090 1575 1250 1619 προίετο,
1289 1585 1319 1609 ν.
1348 1574 1441 1611 Pric.
1458 1574 1503 1612 ad
1523 1572 1640 1623 Apul.

174 1624 242 1663 i1.1
279 1652 289 1661 .
308 1637 343 1671 p.
358 1628 440 1670 506.
497 1624 586 1658 eisn.
1619 1642 1622 1645 Δ

1612 1671 1623 1682 ο

179 1676 276 1720 aoy.)
298 1674 383 1712 Sch.
409 1684 472 1713 2³74.
493 1673 587 1709 reae‘le
603 1684 642 1710 et
660 1672 864 1711 secundum
883 1673 1010 1710 iustam
1027 1673 1319 1721 proportionem·
1332 1672 1550 1711 distribuere
1574 1673 1642 1710 ali.

129 1732 234 1774 qua“
261 1737 283 1760 e
300 1724 338 1760 P.
363 1722 400 1759 in
422 1721 541 1769 primo
554 1722 783 1759 tolerabilius
798 1747 808 1764 ,
839 1735 947 1770 quarn
959 1727 1040 1770 Stp.
1053 1723 1128 1758 Th.
1149 1735 1183 1764 2,
1201 1726 1286 1768 645.
1305 1724 1342 1759 B.
1356 1734 1404 1758 m.
1429 1735 1539 1763 ‚,a.-
1551 1739 1638 1768 νεμ..

127 1775 256 1812 habita
277 1773 424 1808 ratione
441 1771 680 1808 meritorumw
707 1772 811 1819 quod
831 1772 880 1809 est
900 1771 1026 1819 potius
1045 1772 1092 1820 sq.
1114 1788 1141 1808 κ.
1165 1776 1241 1818 ἁξ,
1268 1783 1309 1808 ut
1328 1771 1451 1808 malim
1467 1771 1526 1811 fic,
1552 1783 1640 1809 cum

127 1822 362 1872 cogitatione
383 1831 423 1858 et
441 1820 715 1858 deliberatione
730 1847 740 1863 ‚
772 1832 819 1857 an
837 1832 876 1858 et
895 1832 1079 1869 quantum
1108 1822 1248 1858 donare
1271 1820 1377 1867 poffis
1397 1834 1460 1867 per
1478 1819 1555 1856 fisci
1583 1833 1641 1857 ra..

131 1873 258 1910 tiones
274 1882 314 1908 et
331 1882 445 1912 arcae,
473 1870 535 1907 sed
556 1883 596 1908 er
611 1869 747 1907 deinde
759 1895 770 1911 ,
795 1871 920 1918 quoad
937 1869 1113 1907 homines
1130 1882 1170 1907 et
1189 1870 1279 1918 pers.
1291 1896 1302 1912 ‚
1325 1869 1466 1920 quibus
1478 1881 1516 1906 et
1525 1882 1639 1918 quam

128 1922 274 1970 dignis‚·
298 1932 395 1969 quae
411 1931 491 1967 pars
507 1921 620 1976 altera
639 1919 882 1968 cogitationis
898 1919 999 1958 istius
1016 1920 1178 1968 proinde
1196 1920 1315 1956 statim
1332 1920 1545 1960 subiicitur;
1572 1920 1639 1958 ubi

124 1968 914 2067 252.¹50⁶{2.‘1¹.3.?·22225232523253'32}
930 1969 1638 2067 {5;p{‡?.222⁵÷.2³2“{.²g3‘25¹33.⁹5¹1

126 2082 170 2107 ac
188 2068 307 2116 lapsus
327 2068 465 2105 scribae
484 2067 524 2103 in
545 2085 584 2106 ou
602 2080 642 2105 et
660 2085 684 2105 ω
704 2066 838 2104 iterum
851 2093 861 2109 ‚
890 2080 973 2105 curn
1000 2079 1040 2104 et
1058 2069 1098 2104 P.
1117 2068 1284 2104 ostendat
1301 2079 1384 2115 gen.
1397 2091 1410 2109 ,
1434 2079 1545 2113 quem
1556 2079 1638 2105 non

124 2118 280 2168 quidem
309 2117 468 2166 reperias
494 2117 652 2165 amplius
679 2129 735 2164 ap.
754 2117 931 2154 Nostrum
951 2128 1036 2153 cum
1054 2134 1085 2154 κ.
1105 2120 1181 2162 ἆξ..
1216 2116 1278 2152 sed
1297 2127 1422 2153 tamen
1450 2129 1507 2164 ap.
1527 2115 1637 2160 alios,

125 2181 168 2207 et
188 2170 246 2206 vel
264 2167 356 2216 pers.
377 2167 540 2208 iterum.
572 2178 614 2203 ut
632 2167 711 2207 hic,
745 2165 806 2203 vel
835 2166 911 2209 rei,
945 2165 993 2203 cf.
1012 2168 1100 2203 Luc.
1125 2178 1155 2208 1,
1170 2176 1251 2212 473.
1273 2167 1367 2211 l.77.
1385 2177 1419 2213 p.
1431 2170 1516 2202 602.
1532 2166 1555 2202 1.
1575 2175 1634 2214 34.

123 2221 258 2268 p.846.
279 2218 304 2254 l.
315 2227 376 2261 70.
396 2227 433 2253 et
454 2216 536 2253 lnd.
551 2217 684 2258 Dem.,
717 2215 776 2252 cui
802 2214 911 2263 super
931 2228 1007 2260 λογ.
1030 2217 1114 2252 add.
1137 2228 1195 2260 24,
1221 2225 1271 2261 η.
1309 2225 1369 2256 72,
1393 2228 1447 2251 ιι.
1477 2222 1557 2261 124,
1579 2225 1635 2258 ιε.

127 2281 211 2317 1³7⁹
233 2281 292 2315 24.
322 2277 405 2310 207.
425 2278 481 2302 12.
517 2277 603 2308 210,
625 2277 681 2302 10.
709 2277 787 2309 292,
805 2275 887 2312 23.‚
923 2264 973 2302 cf.
994 2265 1113 2301 Thuc.
1133 2264 1213 2300 Ael.
1238 2265 1283 2300 V.
1300 2264 1335 2299 h.
1365 2274 1404 2300 et
1431 2264 1544 2305 Luc.,
1577 2277 1634 2314 ap.

124 2323 175 2360 G.
194 2319 270 2357 Th.
290 2319 356 2368 Bg.
375 2313 537 2352 formula
555 2316 663 2352 allata
681 2314 794 2351 modo
818 2327 877 2361 79,
899 2328 950 2361 14.
980 2312 1055 2350 fine
1076 2312 1230 2361 explic„
1255 2324 1298 2350 ut
1311 2314 1376 2350 Gr.
1397 2326 1432 2350 n.
1450 2314 1488 2349 in
1509 2327 1541 2349 v.
1554 2316 1633 2363 ssg..

123 2370 230 2420 quod
247 2379 287 2406 et
305 2380 364 2416 ap.
385 2367 465 2412 Stp.
487 2364 563 2402 Th.
585 2363 759 2405 aliunde.
791 2376 870 2400 non
890 2363 979 2401 irem
1000 2376 1033 2398 ν.
1055 2379 1122 2408 νεμ.
1142 2375 1225 2398 curn
1247 2363 1298 2399 rei
1321 2375 1395 2399 acc.
1414 2374 1454 2399 er
1470 2363 1562 2404 abl..
1590 2373 1634 2400 ut

125 2420 211 2461 hic,
237 2431 310 2455 nec
329 2430 393 2464 per
411 2415 540 2457 Indd„
572 2413 676 2452 unde
695 2413 756 2450 hic
776 2412 953 2450 scribatur
976 2414 1089 2449 modo
1110 2426 1156 2450 ex
1175 2413 1319 2460 analog.
1332 2418 1348 2455 ,’
1369 2411 1417 2449 cf.
1437 2413 1483 2449 G.
1504 2413 1577 2448 Th.
1595 2425 1633 2451 ν.

126 2480 203 2507 rat.
222 2480 284 2515 78,
308 2479 365 2503 22.
389 2467 478 2503 Ter.
501 2465 597 2502 Eun.
616 2475 649 2506 1,
671 2475 704 2506 1,
728 2474 782 2507 17.
802 2462 856 2509 sq.
873 2474 913 2500 et
932 2465 1034 2500 Cort.
1054 2461 1098 2498 ad
1118 2460 1215 2498 Plin.
1236 2474 1295 2509 ep.
1316 2473 1350 2506 9,
1369 2473 1406 2506 7,
1430 2474 1460 2497 1.
1485 2462 1633 2508 „ratior

125 2532 191 2561 ne,
223 2518 248 2554 i.
262 2519 503 2567 prudenter.“
1000 2528 1005 2530 -

173 2563 252 2605 ἄνευ
269 2567 318 2614 Α.)
342 2564 523 2614 Neglesto
544 2572 727 2600 commate
748 2562 827 2609 post
843 2577 936 2607 νεμ.,
962 2564 1023 2608 Bg.
1043 2559 1173 2598 tetulit
1189 2561 1262 2596 hoc
1281 2560 1487 2597 membrum
1505 2560 1550 2596 ad
1563 2572 1631 2609 pr..

124 2627 171 2655 ut
191 2620 234 2652 ad
255 2616 305 2662 sq.
328 2616 393 2657 P.,
422 2614 523 2661 quod
547 2624 587 2651 et
605 2612 770 2660 sequitur
787 2611 872 2649 Sch.
896 2613 935 2647 in
960 2609 1082 2653 »ἄνεω
1100 2628 1140 2638 —-·
1160 2609 1361 2658 aliquando
1383 2609 1434 2645 est
1453 2609 1526 2657 i.q.
1551 2622 1631 2648 non

124 2665 243 2704 modo
261 2677 339 2700 non
352 2689 364 2706 ,
399 2674 652 2710 praeterquam
670 2661 772 2710 quod
784 2686 795 2702 ‚
811 2681 850 2689 -
869 2663 948 2708 Stp.
971 2673 1093 2698 tamen
1115 2658 1176 2695 hic
1193 2660 1368 2706 exponit.
1391 2659 1473 2705 stne
1490 2659 1631 2696 facien-

123 2715 205 2753 do“
233 2714 271 2750 in
290 2715 366 2750 Th.
391 2725 517 2750 tacens
538 2712 634 2748 hanc
659 2710 842 2748 rationem
861 2723 896 2746 v.
912 2715 947 2748 ἄ.
965 2722 1048 2748 cum
1066 2709 1153 2750 inf„
1183 2722 1292 2757 quam
1310 2708 1354 2743 ad
1372 2721 1420 2744 m.
1434 2709 1473 2745 P.
1502 2709 1632 2755 potius

121 2763 173 2805 fic
201 2762 329 2808 dedit,
373 2762 567 2812 quomodo
596 2763 660 2811 ΒΕ.
689 2771 772 2799 eam
796 2759 983 2804 imitatur,
1024 2771 1087 2803 ut,
1121 2757 1275 2797 assumto
1302 2769 1378 2795 acc.
1403 2769 1514 2806 pron.
1541 2761 1629 2803 rest,
