1717 3082
108 123 344 172 LIBERII.
382 122 594 170 CARIII-
632 124 685 168 A.
706 122 760 167 V.
786 119 974 177 0946.
1009 121 1147 168 CHR.
1171 121 1235 168 N.
1268 133 1386 179 193.
1463 133 1526 178 93

51 232 141 303 {aa}
168 233 376 304 ἀφειδέσι
408 228 775 303 μεγαλοδωξεαῖς
813 234 1107 302 largitionibus
1182 238 1244 288 ad
1318 236 1533 288 [incuriam

53 317 278 384 ,ἐντςυφᾷν
299 316 324 377 ¹,
367 313 439 370 τὴν
465 325 499 347 ¹¹¹
534 315 591 367 εἰς
613 309 663 358 ‘ro‘
687 329 770 359 σω-
809 310 955 373 αότιτὶ,
1000 329 1115 375 eam,
1158 330 1265 383 quae
1295 312 1356 363 ad
1368 312 1534 384 fruga-

36 390 314 460 ‚·‚<pgov2‘:,-sgov
343 391 419 440 καὶ
451 385 765 455 μεμετξημένου
803 389 962 438 litatem
1013 396 1051 438 et
1103 390 1427 440 moderationem
1479 389 1535 439 ob

37 463 147 529 ,ῥισὶ
170 465 338 516 σπείων
371 462 607 534 χξημοὶτων
631 483 767 527 μετα·
804 466 993 533 inopioem
1028 466 1229 532 pecuniae
1251 465 1345 534 fit,
1400 474 1535 516 muta·

39 542 311 607 „fiomivffiozi
325 532 772 609 φιλοσῶφξονοι,ούὸὲ
806 541 983 600 tionem,
1043 557 1129 589 non
1158 539 1406 610 frugalem,
1464 556 1536 591 nec

124 652 153 695 l)
176 643 254 686 Sine
271 653 342 684 lota
358 649 392 682 in
403 650 443 682 A.
454 648 498 681 al.
565 649 616 694 m)
641 650 677 682 ln
697 647 743 680 M.
763 647 817 680 Ba.
834 649 885 683 τῆν
902 646 997 680 artic.
1010 646 1109 679 abest.
1120 647 1226 680 Mart.
1248 657 1281 682 v.
1292 644 1340 680 N.
1403 651 1437 688 n)
1456 649 1533 682 Hoc

37 706 168 730 comma
184 697 283 735 edd..
306 695 443 738 proprie
460 705 529 726 non
550 697 667 726 valens
678 716 690 731 ‚
714 703 809 725 cavet
820 693 921 724 modo
932 714 943 730 ,
965 703 1006 723 ne
1018 691 1064 735 sq.
1077 692 1143 725 adi.
1162 701 1292 734 regatur
1308 693 1348 725 ad
1370 704 1419 736 pr.
1437 692 1537 728 subst-

36 787 120 825 203.
138 776 161 813 i.
183 789 231 813 m.
278 777 380 814 Tum
400 777 480 823 Stp.
502 775 577 811 Th.
598 775 639 811 in
658 779 718 821 ἀφ.
738 786 824 811 cum
842 773 919 810 Lat.
942 774 1002 822 Bg.
1031 787 1050 810 e
1071 774 1192 812 Nostri
1214 786 1359 814 tanturn
1385 776 1457 814 alio
1477 776 1537 814 10-

35 839 106 870 co,
137 826 260 874 quod,
292 835 435 873 praeter
455 823 608 861 dubium
626 823 752 860 locum
773 825 814 860 in
835 823 895 860 Rs.
917 823 980 858 Or.
1001 822 1080 859 Ind.
1100 826 1145 860 V.
1157 837 1190 869 7.
1211 824 1278 866 Is..
1311 826 1433 874 reperi
1453 839 1537 864 mo-

37 878 87 913 do
106 875 257 922 ap.Ae1.
270 875 316 913 V.
327 876 364 912 h.
383 875 429 911 de
447 872 534 921 pers.
548 899 558 916 ‚
585 873 645 911 sed
657 873 704 910 de
721 872 788 909 alia
807 885 845 908 re
863 885 917 920 ap.
930 872 1125 919 Thuc.(cf.
1136 875 1296 911 Almo).
1317 887 1400 913 eum
1411 876 1536 921 Aust.)

37 924 99 962 sed
118 936 239 961 tamen
260 935 339 960 non
355 921 512 959 dissimili
531 921 635 958 sensu
648 948 659 965 ,
692 921 757 969 qui
778 921 888 958 huius
906 921 976 956 loci
999 922 1206 969 agnoscitur
1224 923 1333 960 etiam
1352 938 1370 959 a
1383 925 1425 960 L.
1445 927 1537 962 Ern-

37 986 123 1011 cum
153 974 242 1014 „GL
259 984 335 1010 vet.
354 974 507 1020 largusw
534 984 573 1009 et
594 970 723 1007 firmari
741 982 889 1018 quoque
910 971 1025 1017 potest
1047 983 1090 1007 ex
1111 971 1195 1007 alibi
1219 971 1326 1018 super
1343 974 1423 1010 adv.
1437 978 1537 1022 ἆφει-

36 1026 98 1064 δεῖς
114 1021 250 1064 allatis;
283 1029 327 1058 ut
346 1033 391 1057 ex
409 1021 483 1056 hoc
502 1021 572 1057 adi.
596 1029 717 1067 patet,
753 1031 823 1067 pro
843 1017 958 1067 fimpl.
977 1019 1090 1057 modo
1114 1020 1375 1069 accipiendum
1392 1021 1462 1060 effe
1478 1022 1536 1072 sq.

35 1069 162 1112 subst.,
193 1080 377 1117 pereunte,
391 1068 560 1107 notionis
582 1078 694 1116 parre.

77 1120 300 1166 μεγαλόδωρ.)
324 1118 455 1155 Malim
473 1121 735 1164 μεγαλοδωξίκις
755 1117 841 1166 legi.
886 1119 976 1155 Non
997 1118 1097 1155 enim
1117 1123 1357 1169 μεγαλοδωξεᾶ
1371 1120 1448 1164 dn,
1471 1118 1536 1159 sed

33 1172 267 1216 μεγαλοδωςίκ
285 1169 328 1206 ab
351 1165 420 1204 adi.
439 1165 684 1214 μεγαλόδωρος,
710 1167 824 1204 Reisk.

133 1217 211 1266 Qi
229 1217 290 1254 hic
307 1217 482 1254 circulum
505 1216 528 1252 s.
550 1218 680 1254 orbem
699 1217 884 1265 quendam
906 1216 944 1254 in
964 1217 1185 1267 corrigendo
1202 1217 1312 1261 facit,
1339 1220 1536 1257 dubitante

35 1267 186 1319 quidem
205 1267 312 1304 etSb.
329 1266 409 1304 lnd.
427 1279 491 1315 per
509 1267 599 1303 haec
610 1265 656 1302 de
672 1265 753 1302 lest.
766 1266 867 1315 vulg.
894 1265 1054 1306 „restim
1071 1272 1363 1315 μεγαλοδωρίαιςίῐ
1387 1270 1448 1306 sed
1459 1268 1537 1307 fine

33 1315 267 1359 necestitate,
301 1327 408 1357 cum,
436 1326 579 1364 praeter
599 1317 679 1362 Stp.
693 1315 766 1351 Th.
787 1314 877 1351 hinc
894 1329 914 1351 e
928 1318 960 1352 P.
984 1327 1022 1352 et
1038 1318 1078 1353 L.
1098 1318 1200 1359 Ern.,
1227 1319 1426 1365 repererim
1439 1331 1533 1368 quo.

33 1376 108 1416 que
126 1376 257 1403 vocem
274 1363 398 1403 Nostri
416 1378 474 1412 ap.
495 1365 604 1408 Luc.‚
629 1364 691 1402 ubi
711 1377 780 1401 nec
797 1365 845 1401 est
864 1366 947 1401 Var.
965 1366 1006 1401 L.
1020 1392 1030 1405 ,
1059 1379 1128 1403 nec
1149 1367 1188 1402 in
1209 1367 1256 1402 N.
1276 1367 1474 1410 dubitatio,
1493 1379 1537 1405 ae

33 1428 101 1466 per
118 1415 154 1451 se
172 1413 322 1451 confusa
341 1414 491 1462 quidem
518 1413 586 1451 effe
608 1415 742 1462 possint
759 1432 769 1451 ι
789 1425 829 1451 et
843 1431 881 1456 ε,
913 1426 950 1450 at
976 1427 1093 1463 aeque
1121 1415 1230 1452 liceat
1251 1416 1323 1452 dici
1337 1440 1348 1458 ,
1384 1430 1402 1453 a
1422 1417 1535 1454 subst-

34 1467 140 1512 δωρεᾶ
161 1462 400 1512 compositam
419 1462 488 1500 effe
505 1475 653 1507 vocem,
687 1473 730 1500 ut
747 1468 948 1510 ἂντιδωςεὲ,
976 1476 1051 1512 quo
1073 1464 1119 1501 de
1136 1477 1172 1500 v.
1194 1467 1273 1513 Stp.
1289 1466 1364 1502 Th.

83 1515 208 1556 τένῑὶς
227 1515 276 1560 Α.)
300 1514 344 1550 in
365 1514 437 1550 Ms.
466 1513 608 1551 excidit
638 1513 813 1550 articulus
843 1515 891 1550 ob
916 1526 970 1561 pr.
993 1523 1061 1559 ῷαν
1088 1514 1284 1563 syllabam,
1320 1528 1404 1553 cum
1425 1515 1533 1553 subst.

35 1567 159 1610 μηαβ.
177 1563 348 1612 sequatur
365 1562 537 1604 demum,
565 1573 652 1599 ante
671 1561 707 1599 se
726 1563 863 1599 habens
878 1561 1074 1599 formulam
1093 1577 1159 1611 per
1177 1576 1322 1612 praep„
1355 1565 1414 1602 cui
1436 1565 1536 1603 sem-

35 1621 104 1661 per
122 1611 371 1658 praemittitur
388 1611 511 1654 artic.‘,
546 1622 590 1648 ut
608 1623 737 1648 contra
757 1612 882 1649 omitti
903 1613 1032 1660 potest,
1063 1612 1268 1661 praepofito
1283 1613 1408 1658 subst.,
1435 1613 1485 1650 cf.
1499 1626 1535 1660 ι,

33 1672 72 1706 ’4,
89 1671 147 1697 20.
165 1659 193 1696 i.
220 1671 261 1698 et
278 1671 363 1698 cum
379 1660 500 1698 Nostri
522 1673 643 1710 praep.
664 1660 791 1698 eadem
814 1673 869 1709 ap.
882 1661 973 1698 Phil.
997 1661 1034 1698 in
1044 1663 1163 1699 Flacc.
1184 1675 1219 1712 p.
1232 1674 1314 1708 749.
1335 1664 1433 1700 Ean.
1451 1664 1533 1701 lnd.

31 1710 89 1747 Fi.
112 1709 241 1747 Aesch.
259 1709 340 1748 Ael.
359 1712 402 1747 V.
420 1712 458 1748 h.
484 1709 598 1746 Diod.
617 1712 671 1752 S„
697 1710 759 1748 sed
775 1722 860 1747 cum
879 1711 957 1760 syn.
975 1711 1060 1757 πρὶς
1080 1712 1168 1748 Luc.
1188 1723 1228 1748 et
1242 1716 1294 1751 ἐπὶ
1316 1714 1377 1750 Rs.
1398 1715 1466 1750 Or.
1485 1714 1533 1750 V.

32 1767 68 1800 8.
88 1758 199 1807 Lyc..
226 1759 425 1808 ignorante
445 1759 530 1795 talia
545 1759 736 1807 Stp.Th.‚
762 1757 899 1807 ubissg.
920 1760 1068 1808 supplet
1086 1760 1255 1807 particip.
1275 1770 1456 1808 γινομένην,
1485 1761 1534 1799 cf.

31 1807 67 1858 §.
85 1819 140 1845 20·
159 1808 205 1851 i..
237 1809 348 1855 idque
366 1807 536 1848 resolvit,
566 1808 709 1844 neutris
730 1808 801 1844 adi.
821 1810 969 1846 mutatis
996 1809 1035 1845 in
1055 1810 1159 1847 subst.
1173 1833 1184 1850 ‚
1210 1810 1272 1845 sed
1290 1813 1374 1849 Sch.
1397 1811 1532 1860 partim

30 1869 55 1894 e
71 1858 108 1893 Ρ.
128 1856 170 1892 in
188 1872 220 1895 e.
247 1857 328 1897 „ad
342 1855 599 1893 continentius
617 1856 835 1905 institutum,
860 1874 936 1903 μετ.
955 1860 1006 1894 acl
1022 1858 1259 1907 frugaliorem
1268 1858 1427 1909 statum,
1454 1878 1532 1908 μεμ.

31 1906 324 1946 moderationem,
345 1905 565 1952 (eSb.1nd.)
584 1906 841 1944 continentius
857 1908 1068 1956 imperium“
1094 1907 1193 1945 varie
1211 1907 1256 1945 sic
1273 1911 1443 1959 explens,
1468 1909 1535 1949 ubi

30 1953 187 1992 sufficiat
201 1953 306 1992 subst.
327 1949 428 1997 ἦθος.
467 1956 755 1993 tacenteL.Bos.
777 1968 814 2003 p.
832 1967 910 2002 131.
931 1970 988 2000 e.,
1012 1959 1138 2005 etStp.
1149 1959 1221 1995 Th.
1236 1958 1274 1996 in
1284 1976 1402 2008 gerg..
1427 1961 1532 2010 quod

29 2015 104 2041 nec
122 2001 198 2050 ipse
214 2003 365 2040 aliunde
384 2003 521 2045 habeo,
547 2003 633 2048 nifi,
661 2016 807 2052 praeter
819 2005 973 2043 dubium
992 2006 1115 2044 locum
1137 2020 1194 2055 ap.
1207 2009 1296 2046 Luc.
1315 2023 1441 2059 2,744.
1454 2011 1476 2048 Ι.
1494 2020 1534 2050 et

27 2053 82 2091 N.
96 2056 178 2097 96„
206 2051 296 2090 Pon,
319 2063 352 2098 5,
378 2063 455 2096 109.
476 2051 573 2099 ὅςαις
593 2071 695 2099 μεμ.,
720 2054 766 2091 de
783 2054 881 2097 solo,
903 2057 1000 2092 bona
1023 2058 1237 2105 tempestate
1257 2071 1408 2103 utente,
1439 2060 1483 2097 it.
1498 2073 1535 2105 9.

29 2114 90 2146 24.
108 2098 201 2140 πόλιν
218 2117 253 2147 μ..
269 2126 282 2142 ‚
316 2101 577 2152 mensuratam,
611 2103 677 2140 ubi
701 2114 740 2140 et
757 2103 839 2140 adv.
863 2116 896 2149 ς,
921 2108 1018 2149 167.,
1051 2106 1100 2144 cf.
1124 2107 1201 2143 lnd.
1223 2109 1332 2152 Luc.‚
1366 2125 1534 2157 μεμετρη-

0 2164 1 2178 1
29 2157 132 2198 μένος
155 2146 268 2197 ἔχειν,
292 2151 448 2200 modeste,
475 2162 518 2188 ut
537 2163 663 2199 putem
677 2176 687 2194 ,
710 2152 882 2190 Nostrum
902 2155 1041 2191 variare
1057 2156 1119 2192 hic
1137 2168 1203 2203 pro
1214 2165 1369 2206 μέτρων,
1395 2172 1432 2198 et
1445 2173 1534 2198 mox

30 2213 100 2248 per
119 2205 332 2246 σύμμετρον,
362 2198 426 2237 ubi
453 2211 491 2237 et
510 2217 633 2248 κεκριμ.
654 2201 801 2239 videtur
819 2203 1038 2251 respondere
1061 2205 1184 2242 nostro
1205 2208 1269 2244 hic
1294 2219 1454 2256 ewoqov„
1487 2220 1534 2247 ut

29 2251 72 2285 et
90 2247 140 2284 ibi
155 2259 267 2294 φιλοσ.
280 2249 440 2296 compos.
454 2274 465 2292 ,
491 2260 531 2286 ut
547 2251 769 2298 accipiamus
780 2252 1037 2295 mutationem,
1067 2267 1162 2303 quae
1171 2258 1357 2302 pertineat
1370 2259 1413 2295 ad
1426 2259 1533 2296 usum

34 2297 275 2345 pecuniarum
291 2308 331 2334 et
350 2297 631 2346 prudentiorem
652 2299 1009 2351 sapientioremque.
1038 2316 1077 2341 et
1093 2305 1341 2348 moderatum,
1366 2308 1431 2345 i.e.
1455 2321 1534 2354 par-

26 2345 168 2383 ciorem
194 2356 233 2383 et
250 2348 566 2384 accommodatum
585 2350 714 2396 copiae
737 2349 759 2385 s.
778 2349 929 2398 inopiae
951 2354 1154 2399 praesenti,
1194 2367 1304 2402 quam
1327 2367 1407 2393 tum
1440 2369 1533 2394 tem-

29 2395 133 2443 poris
156 2394 407 2450 fatetur-cum
427 2395 562 2434 Nostro
580 2409 628 2434 'et
651 2398 763 2447 Xiph.
783 2402 821 2436 S.
842 2409 928 2447 388,
950 2411 1005 2446 38.
1027 2402 1100 2450 sqq.
1131 2410 1285 2449 τοσαύτη
1303 2409 1339 2443 δὲ
1360 2403 1426 2452 ἄρα
1447 2404 1533 2444 τότε

27 2443 72 2481 ire*
91 2449 263 2490 βασίλειον
285 2451 375 2490 εἶχεν
394 2449 616 2492 &mma-rix,
641 2459 674 2485 λ.
699 2457 766 2496 per
787 2448 826 2485 id
854 2459 986 2499 tempus
1005 2452 1184 2489 aerarium
1207 2457 1293 2490 adeo
1320 2454 1532 2492 exhaustum

20 2493 127 2541 fuit,
161 2504 227 2578 utr
222 2491 269 2528 de
287 2494 493 2531 mutatione
511 2496 578 2532 tali
598 2497 719 2544 aliqua
738 2497 787 2534 est
805 2496 854 2535 ib.
871 2511 907 2546 p.
926 2499 976 2548 sq.
997 2501 1019 2536 l.
1032 2512 1091 2547 40.
1111 2512 1150 2539 et
1169 2514 1227 2551 ap.
1241 2503 1362 2553 Capit.
1382 2504 1422 2541 in
1433 2505 1530 2544 Pert.

29 2551 63 2578 c.
83 2551 117 2584 8.
137 2555 169 2579 e.
228 2567 236 2577 .
254 2553 284 2577 1.
306 2554 341 2590 p.
365 2554 443 2588 554.
465 2557 497 2582 e.
1388 2586 1390 2588 ,

77 2592 210 2638 orave.)
238 2591 421 2638 sch.·‚‚4›.
440 2592 755 2639 dispensationem
775 2599 993 2634 moderatam
1012 2597 1037 2634 s.
1057 2600 1288 2647 prudentem,
1312 2617 1344 2639 σ.
1366 2602 1533 2639 modera-

30 2651 105 2678 tam
121 2640 206 2689 disp.
226 2657 257 2677 κ.
279 2639 334 2683 καὶ
352 2655 387 2678 c.
406 2646 634 2690 prudentem,
671 2644 694 2680 s.
721 2657 797 2681 eum
825 2647 967 2683 iudicio
995 2649 1214 2684 coniunc‘sam
1241 2651 1277 2695 (e
1293 2651 1354 2686 Sb.
1375 2652 1470 2697 ind.)
1495 2661 1532 2686 et

27 2688 254 2726 moderatam
271 2689 636 2746 administrationem,
672 2691 730 2739 (in
751 2707 844 2732 extr.
864 2708 950 2733 cum
967 2699 1029 2746 ng.
1042 2723 1051 2738 ‚
1079 2697 1144 2745 qui
1163 2709 1288 2734 tamen
1309 2700 1433 2747 explet
1446 2712 1531 2748 gen.

25 2745 92 2777 τᾶν
108 2741 337 2786 πραγμάτων,
368 2738 444 2777 scil.
466 2744 649 2786 δημοσίων,
682 2743 745 2790 qui
773 2756 813 2783 et
839 2745 926 2783 alibi
955 2758 1009 2794 ap.
1033 2746 1209 2784 Nostrum
1231 2747 1396 2793 additur,
1432 2761 1475 2787 ut
1492 2762 1533 2786 et
