<?xml version="1.0" encoding="UTF-8"?>
<!DOCTYPE html PUBLIC "-//W3C//DTD XHTML 1.0 Transitional//EN"
    "http://www.w3.org/TR/xhtml1/DTD/xhtml1-transitional.dtd">
<html xmlns="http://www.w3.org/1999/xhtml" xml:lang="en" lang="en">
 <head>
  <title>
</title>
<meta http-equiv="Content-Type" content="text/html;charset=utf-8" />
  <meta name='ocr-system' content='tesseract 3.04.00' />
  <meta name='ocr-capabilities' content='ocr_page ocr_carea ocr_par ocr_line ocrx_word'/>
</head>
<body>
  <div class='ocr_page' id='page_1' title='image "./historiarumlibri02hero/historiarumlibri02hero_0632.png"; bbox 0 0 1722 3086; ppageno 0'>
   <div class='ocr_carea' id='block_1_1' title="bbox 148 83 1588 145">
    <p class='ocr_par' dir='ltr' id='par_1_1' title="bbox 148 83 1588 145">
     <span class='ocr_line' id='line_1_1' title="bbox 148 83 1588 145; baseline 0 -15"><span class='ocrx_word' id='word_1_1' title='bbox 148 84 249 145; x_wconf 75' lang='lat'>563</span> <span class='ocrx_word' id='word_1_2' title='bbox 293 84 554 131; x_wconf 78' lang='lat' dir='ltr'>LIBERnt.</span> <span class='ocrx_word' id='word_1_3' title='bbox 586 83 782 132; x_wconf 69' lang='lat' dir='ltr'><strong>CARV.</strong></span> <span class='ocrx_word' id='word_1_4' title='bbox 816 84 871 132; x_wconf 82' lang='lat' dir='ltr'>A.</span> <span class='ocrx_word' id='word_1_5' title='bbox 890 85 948 132; x_wconf 87' lang='lat' dir='ltr'>V.</span> <span class='ocrx_word' id='word_1_6' title='bbox 970 84 1022 131; x_wconf 87' lang='lat' dir='ltr'>c.</span> <span class='ocrx_word' id='word_1_7' title='bbox 1049 88 1173 142; x_wconf 83' lang='lat'><strong>948·</strong></span> <span class='ocrx_word' id='word_1_8' title='bbox 1208 84 1350 132; x_wconf 81' lang='lat' dir='ltr'><strong>CHR.</strong></span> <span class='ocrx_word' id='word_1_9' title='bbox 1370 85 1436 132; x_wconf 87' lang='lat' dir='ltr'>N.</span> <span class='ocrx_word' id='word_1_10' title='bbox 1466 95 1588 144; x_wconf 80' lang='lat'>195·</span> 
     </span>
    </p>
   </div>
   <div class='ocr_carea' id='block_1_2' title="bbox 146 196 1675 270">
    <p class='ocr_par' dir='ltr' id='par_1_2' title="bbox 146 196 1675 270">
     <span class='ocr_line' id='line_1_2' title="bbox 146 196 1675 270; baseline 0.003 -20"><span class='ocrx_word' id='word_1_11' title='bbox 146 201 270 263; x_wconf 76' lang='grc' dir='ltr'>αὐτῷ</span> <span class='ocrx_word' id='word_1_12' title='bbox 294 206 332 258; x_wconf 79' lang='lat'>⁰,</span> <span class='ocrx_word' id='word_1_13' title='bbox 383 198 717 249; x_wconf 77' lang='grc' dir='ltr'><em>ὁποπτευόντων</em></span> <span class='ocrx_word' id='word_1_14' title='bbox 749 196 769 224; x_wconf 68' lang='lat'>⁰¹</span> <span class='ocrx_word' id='word_1_15' title='bbox 816 200 898 248; x_wconf 76' lang='grc' dir='ltr'>τῶν</span> <span class='ocrx_word' id='word_1_16' title='bbox 935 215 1049 254; x_wconf 84' lang='lat' dir='ltr'>rent.</span> <span class='ocrx_word' id='word_1_17' title='bbox 1123 204 1553 270; x_wconf 72' lang='lat' dir='ltr'>suspicantibuseius</span> <span class='ocrx_word' id='word_1_18' title='bbox 1565 207 1675 255; x_wconf 75' lang='lat' dir='ltr'>ami·</span> 
     </span>
    </p>
   </div>
   <div class='ocr_carea' id='block_1_3' title="bbox 146 272 1678 418">
    <p class='ocr_par' dir='ltr' id='par_1_3' title="bbox 146 272 1678 418">
     <span class='ocr_line' id='line_1_3' title="bbox 146 272 1677 350; baseline 0.005 -26"><span class='ocrx_word' id='word_1_19' title='bbox 146 277 247 346; x_wconf 59' lang='lat' dir='ltr'>‘rr-eg&gt;</span> <span class='ocrx_word' id='word_1_20' title='bbox 269 272 401 325; x_wconf 69' lang='grc' dir='ltr'><em>αὐτὸν</em></span> <span class='ocrx_word' id='word_1_21' title='bbox 422 276 576 341; x_wconf 74' lang='grc' dir='ltr'><em>φίλων,</em></span> <span class='ocrx_word' id='word_1_22' title='bbox 609 274 902 340; x_wconf 54' lang='lat' dir='ltr'>mlo-offlan-</span> <span class='ocrx_word' id='word_1_23' title='bbox 938 282 1024 338; x_wconf 87' lang='lat' dir='ltr'>cis,</span> <span class='ocrx_word' id='word_1_24' title='bbox 1069 291 1113 328; x_wconf 89' lang='lat' dir='ltr'>et</span> <span class='ocrx_word' id='word_1_25' title='bbox 1148 281 1428 328; x_wconf 84' lang='lat' dir='ltr'>suadentibus</span> <span class='ocrx_word' id='word_1_26' title='bbox 1461 282 1568 350; x_wconf 75' lang='lat' dir='ltr'>ipsi,</span> <span class='ocrx_word' id='word_1_27' title='bbox 1623 292 1677 332; x_wconf 84' lang='lat' dir='ltr'>ut</span> 
     </span>
     <span class='ocr_line' id='line_1_4' title="bbox 148 351 1678 418; baseline 0.005 -16"><span class='ocrx_word' id='word_1_28' title='bbox 148 351 358 402; x_wconf 78' lang='grc' dir='ltr'><em>λευόντων</em></span> <span class='ocrx_word' id='word_1_29' title='bbox 380 354 528 417; x_wconf 72' lang='grc' dir='ltr'><em>αὐτῷ,</em></span> <span class='ocrx_word' id='word_1_30' title='bbox 569 351 904 418; x_wconf 56' lang='grc' dir='ltr'>φυλάττειν-θοις</span> <span class='ocrx_word' id='word_1_31' title='bbox 941 367 1112 406; x_wconf 80' lang='lat' dir='ltr'>caveret</span> <span class='ocrx_word' id='word_1_32' title='bbox 1169 357 1404 405; x_wconf 88' lang='lat' dir='ltr'>hominem</span> <span class='ocrx_word' id='word_1_33' title='bbox 1462 370 1678 408; x_wconf 81' lang='lat' dir='ltr'>veterato·</span> 
     </span>
    </p>
   </div>
   <div class='ocr_carea' id='block_1_4' title="bbox 146 486 1680 567">
    <p class='ocr_par' dir='ltr' id='par_1_4' title="bbox 146 486 1680 567">
     <span class='ocr_line' id='line_1_5' title="bbox 240 486 1680 533; baseline 0.003 -14"><span class='ocrx_word' id='word_1_34' title='bbox 240 491 270 526; x_wconf 81' lang='lat' dir='ltr'>c)</span> <span class='ocrx_word' id='word_1_35' title='bbox 295 488 372 520; x_wconf 86' lang='lat' dir='ltr'>Hoc</span> <span class='ocrx_word' id='word_1_36' title='bbox 393 498 523 520; x_wconf 89' lang='lat' dir='ltr'>comma</span> <span class='ocrx_word' id='word_1_37' title='bbox 548 488 582 520; x_wconf 82' lang='lat' dir='ltr'>in</span> <span class='ocrx_word' id='word_1_38' title='bbox 602 490 646 522; x_wconf 78' lang='lat' dir='ltr'>A.</span> <span class='ocrx_word' id='word_1_39' title='bbox 664 488 708 522; x_wconf 85' lang='lat' dir='ltr'>al.</span> <span class='ocrx_word' id='word_1_40' title='bbox 726 499 789 533; x_wconf 84' lang='lat' dir='ltr'>pro</span> <span class='ocrx_word' id='word_1_41' title='bbox 809 487 888 521; x_wconf 87' lang='lat' dir='ltr'>colo</span> <span class='ocrx_word' id='word_1_42' title='bbox 906 488 980 532; x_wconf 86' lang='lat' dir='ltr'>Stp.</span> <span class='ocrx_word' id='word_1_43' title='bbox 998 488 1060 521; x_wconf 78' lang='lat' dir='ltr'>tel.</span> <span class='ocrx_word' id='word_1_44' title='bbox 1079 496 1113 521; x_wconf 86' lang='lat' dir='ltr'>et</span> <span class='ocrx_word' id='word_1_45' title='bbox 1132 488 1255 532; x_wconf 70' lang='lat' dir='ltr'>puncto</span> <span class='ocrx_word' id='word_1_46' title='bbox 1274 488 1343 525; x_wconf 79' lang='lat' dir='ltr'>al..</span> <span class='ocrx_word' id='word_1_47' title='bbox 1375 498 1411 522; x_wconf 79' lang='lat' dir='ltr'>v.</span> <span class='ocrx_word' id='word_1_48' title='bbox 1428 486 1477 523; x_wconf 76' lang='lat' dir='ltr'>N.</span> <span class='ocrx_word' id='word_1_49' title='bbox 1550 489 1585 530; x_wconf 82' lang='lat' dir='ltr'>d)</span> <span class='ocrx_word' id='word_1_50' title='bbox 1613 487 1680 523; x_wconf 76' lang='lat' dir='ltr'>Ms-</span> 
     </span>
     <span class='ocr_line' id='line_1_6' title="bbox 146 532 564 567; baseline -0.002 0"><span class='ocrx_word' id='word_1_51' title='bbox 146 534 203 567; x_wconf 75' lang='lat' dir='ltr'>Ba.</span> <span class='ocrx_word' id='word_1_52' title='bbox 223 536 272 565; x_wconf 81' lang='grc' dir='ltr'>ὒπ.</span> <span class='ocrx_word' id='word_1_53' title='bbox 291 535 322 566; x_wconf 68' lang='grc' dir='ltr'>δὲ</span> <span class='ocrx_word' id='word_1_54' title='bbox 339 536 395 566; x_wconf 72' lang='grc' dir='ltr'>τῶν</span> <span class='ocrx_word' id='word_1_55' title='bbox 411 542 444 567; x_wconf 82' lang='grc' dir='ltr'>λ.</span> <span class='ocrx_word' id='word_1_56' title='bbox 468 545 502 567; x_wconf 87' lang='grc' dir='ltr'>ν.</span> <span class='ocrx_word' id='word_1_57' title='bbox 516 532 564 566; x_wconf 83' lang='lat' dir='ltr'>N.</span> 
     </span>
    </p>
   </div>
   <div class='ocr_carea' id='block_1_5' title="bbox 137 645 1701 2782">
    <p class='ocr_par' dir='ltr' id='par_1_5' title="bbox 147 645 1684 744">
     <span class='ocr_line' id='line_1_7' title="bbox 148 645 1684 698; baseline 0.001 -14"><span class='ocrx_word' id='word_1_58' title='bbox 148 649 283 684; x_wconf 74' lang='lat' dir='ltr'>darent</span> <span class='ocrx_word' id='word_1_59' title='bbox 307 646 492 689; x_wconf 82' lang='lat' dir='ltr'>bibenda,</span> <span class='ocrx_word' id='word_1_60' title='bbox 513 648 557 696; x_wconf 85' lang='lat' dir='ltr'><em>fi</em></span> <span class='ocrx_word' id='word_1_61' title='bbox 568 647 737 697; x_wconf 81' lang='lat' dir='ltr'>possent,</span> <span class='ocrx_word' id='word_1_62' title='bbox 763 648 876 691; x_wconf 88' lang='lat' dir='ltr'>clam,</span> <span class='ocrx_word' id='word_1_63' title='bbox 899 645 1027 685; x_wconf 69' lang='lat' dir='ltr'>insciis</span> <span class='ocrx_word' id='word_1_64' title='bbox 1045 647 1165 697; x_wconf 80' lang='lat' dir='ltr'>coquis</span> <span class='ocrx_word' id='word_1_65' title='bbox 1187 657 1227 684; x_wconf 88' lang='lat' dir='ltr'>et</span> <span class='ocrx_word' id='word_1_66' title='bbox 1240 648 1447 698; x_wconf 62' lang='lat' dir='ltr'>pina-eruin</span> <span class='ocrx_word' id='word_1_67' title='bbox 1472 645 1684 696; x_wconf 78' lang='lat' dir='ltr'>autperbos</span> 
     </span>
     <span class='ocr_line' id='line_1_8' title="bbox 147 697 498 744; baseline 0.006 -12"><span class='ocrx_word' id='word_1_68' title='bbox 147 709 351 744; x_wconf 81' lang='lat' dir='ltr'>corruptos.</span> <span class='ocrx_word' id='word_1_69' title='bbox 381 697 498 734; x_wconf 74' lang='lat' dir='ltr'>Reisk.</span> 
     </span>
    </p>

    <p class='ocr_par' dir='ltr' id='par_1_6' title="bbox 143 746 1688 1726">
     <span class='ocr_line' id='line_1_9' title="bbox 250 746 1686 798; baseline 0.001 -15"><span class='ocrx_word' id='word_1_70' title='bbox 250 746 374 783; x_wconf 81' lang='lat' dir='ltr'>Leisn.</span> <span class='ocrx_word' id='word_1_71' title='bbox 391 749 436 785; x_wconf 85' lang='lat' dir='ltr'>ad</span> <span class='ocrx_word' id='word_1_72' title='bbox 455 762 502 785; x_wconf 88' lang='lat' dir='ltr'>m.</span> <span class='ocrx_word' id='word_1_73' title='bbox 527 749 595 784; x_wconf 81' lang='lat' dir='ltr'>Ox.</span> <span class='ocrx_word' id='word_1_74' title='bbox 627 747 740 797; x_wconf 65' lang='lat' dir='ltr'>„Vig</span> <span class='ocrx_word' id='word_1_75' title='bbox 758 755 870 794; x_wconf 81' lang='lat'><em>538.“</em></span> <span class='ocrx_word' id='word_1_76' title='bbox 897 747 1059 786; x_wconf 87' lang='lat' dir='ltr'>innuens</span> <span class='ocrx_word' id='word_1_77' title='bbox 1087 748 1144 786; x_wconf 89' lang='lat' dir='ltr'>ed.</span> <span class='ocrx_word' id='word_1_78' title='bbox 1163 749 1207 786; x_wconf 89' lang='lat' dir='ltr'>Z.</span> <span class='ocrx_word' id='word_1_79' title='bbox 1227 762 1263 798; x_wconf 88' lang='lat' dir='ltr'>p.</span> <span class='ocrx_word' id='word_1_80' title='bbox 1286 751 1369 795; x_wconf 82' lang='lat'>643.</span> <span class='ocrx_word' id='word_1_81' title='bbox 1396 748 1462 785; x_wconf 86' lang='lat' dir='ltr'>Nr.</span> <span class='ocrx_word' id='word_1_82' title='bbox 1488 755 1522 789; x_wconf 80' lang='lat'>8.</span> <span class='ocrx_word' id='word_1_83' title='bbox 1550 752 1686 793; x_wconf 64' lang='lat' dir='ltr'>„vr-gae.</span> 
     </span>
     <span class='ocr_line' id='line_1_10' title="bbox 153 796 1686 847; baseline -0.001 -14"><span class='ocrx_word' id='word_1_84' title='bbox 153 798 263 845; x_wconf 85' lang='lat' dir='ltr'>quod</span> <span class='ocrx_word' id='word_1_85' title='bbox 284 797 538 845; x_wconf 76' lang='lat' dir='ltr'>lexicographi</span> <span class='ocrx_word' id='word_1_86' title='bbox 560 798 675 847; x_wconf 76' lang='lat' dir='ltr'>vulgo</span> <span class='ocrx_word' id='word_1_87' title='bbox 695 810 772 833; x_wconf 86' lang='lat' dir='ltr'>non</span> <span class='ocrx_word' id='word_1_88' title='bbox 792 796 1011 840; x_wconf 80' lang='lat' dir='ltr'>observant,</span> <span class='ocrx_word' id='word_1_89' title='bbox 1037 800 1125 844; x_wconf 88' lang='lat' dir='ltr'>(nec</span> <span class='ocrx_word' id='word_1_90' title='bbox 1143 800 1223 847; x_wconf 83' lang='lat' dir='ltr'>Stp.</span> <span class='ocrx_word' id='word_1_91' title='bbox 1243 798 1334 845; x_wconf 88' lang='lat' dir='ltr'>Th.)</span> <span class='ocrx_word' id='word_1_92' title='bbox 1356 797 1466 834; x_wconf 88' lang='lat' dir='ltr'>etiam</span> <span class='ocrx_word' id='word_1_93' title='bbox 1486 808 1570 833; x_wconf 84' lang='lat' dir='ltr'>curn</span> <span class='ocrx_word' id='word_1_94' title='bbox 1594 796 1686 832; x_wconf 79' lang='lat' dir='ltr'>dan-</span> 
     </span>
     <span class='ocr_line' id='line_1_11' title="bbox 153 842 1686 897; baseline 0 -14"><span class='ocrx_word' id='word_1_95' title='bbox 153 847 192 883; x_wconf 84' lang='lat' dir='ltr'>di</span> <span class='ocrx_word' id='word_1_96' title='bbox 215 845 297 882; x_wconf 84' lang='lat' dir='ltr'>casu</span> <span class='ocrx_word' id='word_1_97' title='bbox 316 846 478 883; x_wconf 83' lang='lat' dir='ltr'>officium</span> <span class='ocrx_word' id='word_1_98' title='bbox 497 859 712 893; x_wconf 85' lang='lat' dir='ltr'>munusque</span> <span class='ocrx_word' id='word_1_99' title='bbox 732 846 922 896; x_wconf 78' lang='lat' dir='ltr'>fignificat,</span> <span class='ocrx_word' id='word_1_100' title='bbox 948 858 990 884; x_wconf 89' lang='lat' dir='ltr'>ut</span> <span class='ocrx_word' id='word_1_101' title='bbox 1011 854 1063 886; x_wconf 70' lang='grc' dir='ltr'>ἐπὶ</span> <span class='ocrx_word' id='word_1_102' title='bbox 1083 861 1167 886; x_wconf 88' lang='lat' dir='ltr'>curn</span> <span class='ocrx_word' id='word_1_103' title='bbox 1191 860 1326 897; x_wconf 67' lang='lat' dir='ltr'>gem·-</span> <span class='ocrx_word' id='word_1_104' title='bbox 1341 846 1548 884; x_wconf 76' lang='lat' dir='ltr'>Herodi.-</span> <span class='ocrx_word' id='word_1_105' title='bbox 1565 846 1600 883; x_wconf 72' lang='grc' dir='ltr'>εἴ</span> <span class='ocrx_word' id='word_1_106' title='bbox 1613 842 1686 888; x_wconf 68' lang='lat' dir='ltr'>mie</span> 
     </span>
     <span class='ocr_line' id='line_1_12' title="bbox 154 895 1686 947; baseline -0.003 -13"><span class='ocrx_word' id='word_1_107' title='bbox 154 912 246 937; x_wconf 57' lang='lat'>³122:</span> <span class='ocrx_word' id='word_1_108' title='bbox 268 916 304 924; x_wconf 79' lang='lat'>-</span> <span class='ocrx_word' id='word_1_109' title='bbox 329 910 403 935; x_wconf 72' lang='grc' dir='ltr'>κυλ.</span> <span class='ocrx_word' id='word_1_110' title='bbox 430 895 454 933; x_wconf 86' lang='lat' dir='ltr'>i.</span> <span class='ocrx_word' id='word_1_111' title='bbox 469 911 500 933; x_wconf 90' lang='lat' dir='ltr'>e.</span> <span class='ocrx_word' id='word_1_112' title='bbox 521 896 545 933; x_wconf 84' lang='lat' dir='ltr'>fi</span> <span class='ocrx_word' id='word_1_113' title='bbox 563 898 688 946; x_wconf 80' lang='lat' dir='ltr'>quibus</span> <span class='ocrx_word' id='word_1_114' title='bbox 712 896 929 945; x_wconf 82' lang='lat' dir='ltr'>persuadere</span> <span class='ocrx_word' id='word_1_115' title='bbox 938 899 1048 946; x_wconf 77' lang='lat' dir='ltr'>forte</span> <span class='ocrx_word' id='word_1_116' title='bbox 1071 899 1230 945; x_wconf 69' lang='lat' dir='ltr'>possent,</span> <span class='ocrx_word' id='word_1_117' title='bbox 1255 900 1316 947; x_wconf 84' lang='lat' dir='ltr'>qui</span> <span class='ocrx_word' id='word_1_118' title='bbox 1335 908 1400 934; x_wconf 83' lang='lat' dir='ltr'>aut</span> <span class='ocrx_word' id='word_1_119' title='bbox 1414 897 1686 933; x_wconf 68' lang='lat' dir='ltr'>:audiendorum</span> 
     </span>
     <span class='ocr_line' id='line_1_13' title="bbox 151 945 1687 998; baseline 0.001 -17"><span class='ocrx_word' id='word_1_120' title='bbox 151 946 321 982; x_wconf 78' lang='lat' dir='ltr'>ciborum</span> <span class='ocrx_word' id='word_1_121' title='bbox 342 959 463 983; x_wconf 84' lang='lat' dir='ltr'>curam</span> <span class='ocrx_word' id='word_1_122' title='bbox 484 948 688 989; x_wconf 86' lang='lat' dir='ltr'>haberent,</span> <span class='ocrx_word' id='word_1_123' title='bbox 719 957 782 984; x_wconf 81' lang='lat' dir='ltr'>aut</span> <span class='ocrx_word' id='word_1_124' title='bbox 800 961 823 982; x_wconf 84' lang='lat' dir='ltr'><em>a</em></span> <span class='ocrx_word' id='word_1_125' title='bbox 843 947 989 994; x_wconf 87' lang='lat' dir='ltr'>poculis</span> <span class='ocrx_word' id='word_1_126' title='bbox 1012 949 1081 997; x_wconf 75' lang='lat' dir='ltr'>ipsi</span> <span class='ocrx_word' id='word_1_127' title='bbox 1094 947 1229 998; x_wconf 71' lang='lat' dir='ltr'>effint“</span> <span class='ocrx_word' id='word_1_128' title='bbox 1259 960 1324 997; x_wconf 88' lang='lat' dir='ltr'>per</span> <span class='ocrx_word' id='word_1_129' title='bbox 1335 949 1414 993; x_wconf 90' lang='lat' dir='ltr'>Stp.</span> <span class='ocrx_word' id='word_1_130' title='bbox 1433 945 1687 983; x_wconf 66' lang='lat' dir='ltr'>coniefturam</span> 
     </span>
     <span class='ocr_line' id='line_1_14' title="bbox 150 995 1685 1044; baseline 0 -12"><span class='ocrx_word' id='word_1_131' title='bbox 150 995 294 1037; x_wconf 78' lang='lat' dir='ltr'>statim,</span> <span class='ocrx_word' id='word_1_132' title='bbox 329 1007 368 1032; x_wconf 85' lang='lat' dir='ltr'>et</span> <span class='ocrx_word' id='word_1_133' title='bbox 389 1008 537 1034; x_wconf 86' lang='lat' dir='ltr'>tantum</span> <span class='ocrx_word' id='word_1_134' title='bbox 560 997 673 1039; x_wconf 90' lang='lat' dir='ltr'>hinc,</span> <span class='ocrx_word' id='word_1_135' title='bbox 706 1009 750 1034; x_wconf 88' lang='lat' dir='ltr'>ut</span> <span class='ocrx_word' id='word_1_136' title='bbox 769 1009 826 1043; x_wconf 87' lang='lat' dir='ltr'>ap.</span> <span class='ocrx_word' id='word_1_137' title='bbox 849 996 944 1034; x_wconf 89' lang='lat' dir='ltr'>Bud.</span> <span class='ocrx_word' id='word_1_138' title='bbox 964 999 1007 1035; x_wconf 90' lang='lat' dir='ltr'>C.</span> <span class='ocrx_word' id='word_1_139' title='bbox 1030 1003 1113 1042; x_wconf 79' lang='lat'>678,</span> <span class='ocrx_word' id='word_1_140' title='bbox 1135 1011 1195 1044; x_wconf 86' lang='lat'>40.</span> <span class='ocrx_word' id='word_1_141' title='bbox 1223 997 1298 1035; x_wconf 88' lang='lat' dir='ltr'>fine</span> <span class='ocrx_word' id='word_1_142' title='bbox 1318 997 1467 1034; x_wconf 65' lang='lat' dir='ltr'>auctore</span> <span class='ocrx_word' id='word_1_143' title='bbox 1493 1003 1553 1038; x_wconf 79' lang='lat' dir='ltr'>‚m‘</span> <span class='ocrx_word' id='word_1_144' title='bbox 1569 1010 1628 1041; x_wconf 58' lang='grc' dir='ltr'>πρ.</span> <span class='ocrx_word' id='word_1_145' title='bbox 1647 1011 1685 1032; x_wconf 71' lang='lat' dir='ltr'>r.</span> 
     </span>
     <span class='ocr_line' id='line_1_15' title="bbox 150 1044 1688 1096; baseline -0.002 -13"><span class='ocrx_word' id='word_1_146' title='bbox 150 1058 226 1084; x_wconf 73' lang='grc' dir='ltr'>κυλ.</span> <span class='ocrx_word' id='word_1_147' title='bbox 248 1059 267 1080; x_wconf 86' lang='lat' dir='ltr'>a</span> <span class='ocrx_word' id='word_1_148' title='bbox 286 1047 455 1093; x_wconf 48' lang='lat' dir='ltr'>cymbia«</span> <span class='ocrx_word' id='word_1_149' title='bbox 483 1047 542 1084; x_wconf 88' lang='lat' dir='ltr'>cui</span> <span class='ocrx_word' id='word_1_150' title='bbox 563 1048 624 1084; x_wconf 88' lang='lat' dir='ltr'>Sb.</span> <span class='ocrx_word' id='word_1_151' title='bbox 645 1046 725 1084; x_wconf 84' lang='lat' dir='ltr'>lnd.</span> <span class='ocrx_word' id='word_1_152' title='bbox 755 1046 861 1083; x_wconf 85' lang='lat' dir='ltr'>addit</span> <span class='ocrx_word' id='word_1_153' title='bbox 886 1046 943 1088; x_wconf 84' lang='lat' dir='ltr'>„s.</span> <span class='ocrx_word' id='word_1_154' title='bbox 965 1061 988 1084; x_wconf 89' lang='lat' dir='ltr'><em>a</em></span> <span class='ocrx_word' id='word_1_155' title='bbox 1011 1050 1188 1096; x_wconf 78' lang='lat' dir='ltr'>poculis“</span> <span class='ocrx_word' id='word_1_156' title='bbox 1223 1048 1335 1084; x_wconf 88' lang='lat' dir='ltr'>etiam</span> <span class='ocrx_word' id='word_1_157' title='bbox 1366 1046 1482 1082; x_wconf 89' lang='lat' dir='ltr'>modo</span> <span class='ocrx_word' id='word_1_158' title='bbox 1512 1059 1558 1084; x_wconf 85' lang='lat' dir='ltr'>ex</span> <span class='ocrx_word' id='word_1_159' title='bbox 1587 1046 1624 1083; x_wconf 84' lang='lat' dir='ltr'>h.</span> <span class='ocrx_word' id='word_1_160' title='bbox 1644 1044 1688 1088; x_wconf 74' lang='lat' dir='ltr'>l..</span> 
     </span>
     <span class='ocr_line' id='line_1_16' title="bbox 152 1093 1682 1146; baseline -0.001 -14"><span class='ocrx_word' id='word_1_161' title='bbox 152 1106 200 1132; x_wconf 85' lang='lat' dir='ltr'>ut</span> <span class='ocrx_word' id='word_1_162' title='bbox 216 1096 295 1142; x_wconf 85' lang='lat' dir='ltr'>Stp.</span> <span class='ocrx_word' id='word_1_163' title='bbox 316 1096 387 1131; x_wconf 76' lang='lat' dir='ltr'>Th.</span> <span class='ocrx_word' id='word_1_164' title='bbox 410 1109 442 1132; x_wconf 90' lang='lat' dir='ltr'>v.</span> <span class='ocrx_word' id='word_1_165' title='bbox 464 1109 539 1134; x_wconf 68' lang='grc' dir='ltr'><strong>κυλ.</strong></span> <span class='ocrx_word' id='word_1_166' title='bbox 561 1096 651 1133; x_wconf 89' lang='lat' dir='ltr'>hinc</span> <span class='ocrx_word' id='word_1_167' title='bbox 671 1110 691 1133; x_wconf 89' lang='lat' dir='ltr'>e</span> <span class='ocrx_word' id='word_1_168' title='bbox 711 1098 747 1133; x_wconf 85' lang='lat' dir='ltr'>P.</span> <span class='ocrx_word' id='word_1_169' title='bbox 777 1107 872 1146; x_wconf 82' lang='lat' dir='ltr'>„per</span> <span class='ocrx_word' id='word_1_170' title='bbox 894 1096 1059 1145; x_wconf 84' lang='lat' dir='ltr'>aliquem</span> <span class='ocrx_word' id='word_1_171' title='bbox 1081 1100 1126 1134; x_wconf 85' lang='lat' dir='ltr'>ab</span> <span class='ocrx_word' id='word_1_172' title='bbox 1155 1098 1274 1146; x_wconf 88' lang='lat' dir='ltr'>epulis</span> <span class='ocrx_word' id='word_1_173' title='bbox 1296 1107 1361 1134; x_wconf 85' lang='lat' dir='ltr'>aut</span> <span class='ocrx_word' id='word_1_174' title='bbox 1380 1110 1399 1133; x_wconf 90' lang='lat' dir='ltr'>a</span> <span class='ocrx_word' id='word_1_175' title='bbox 1418 1096 1571 1145; x_wconf 62' lang='lat' dir='ltr'><em>cyathw</em></span> <span class='ocrx_word' id='word_1_176' title='bbox 1600 1093 1682 1143; x_wconf 82' lang='lat' dir='ltr'>qui.</span> 
     </span>
     <span class='ocr_line' id='line_1_17' title="bbox 154 1141 1687 1194; baseline 0 -14"><span class='ocrx_word' id='word_1_177' title='bbox 154 1156 303 1192; x_wconf 79' lang='lat' dir='ltr'>praeter</span> <span class='ocrx_word' id='word_1_178' title='bbox 322 1146 492 1183; x_wconf 77' lang='lat' dir='ltr'>omiss&#39;um</span> <span class='ocrx_word' id='word_1_179' title='bbox 516 1159 601 1182; x_wconf 87' lang='lat' dir='ltr'>cum</span> <span class='ocrx_word' id='word_1_180' title='bbox 623 1149 686 1194; x_wconf 82' lang='lat' dir='ltr'>Bg.</span> <span class='ocrx_word' id='word_1_181' title='bbox 710 1145 867 1193; x_wconf 89' lang='lat' dir='ltr'>primum</span> <span class='ocrx_word' id='word_1_182' title='bbox 894 1141 927 1189; x_wconf 63' lang='grc' dir='ltr'>ι’),</span> <span class='ocrx_word' id='word_1_183' title='bbox 956 1148 1069 1185; x_wconf 69' lang='lat' dir='ltr'>etiarn</span> <span class='ocrx_word' id='word_1_184' title='bbox 1089 1148 1147 1192; x_wconf 73' lang='grc' dir='ltr'>ἄψ.</span> <span class='ocrx_word' id='word_1_185' title='bbox 1167 1147 1206 1185; x_wconf 86' lang='lat' dir='ltr'>in</span> <span class='ocrx_word' id='word_1_186' title='bbox 1225 1147 1425 1184; x_wconf 88' lang='lat' dir='ltr'>formulam</span> <span class='ocrx_word' id='word_1_187' title='bbox 1448 1143 1585 1194; x_wconf 76' lang='lat' dir='ltr'>redigit</span> <span class='ocrx_word' id='word_1_188' title='bbox 1597 1155 1687 1181; x_wconf 82' lang='lat' dir='ltr'>ean-</span> 
     </span>
     <span class='ocr_line' id='line_1_18' title="bbox 149 1193 1684 1244; baseline 0 -14"><span class='ocrx_word' id='word_1_189' title='bbox 149 1193 260 1235; x_wconf 85' lang='lat' dir='ltr'>dem,</span> <span class='ocrx_word' id='word_1_190' title='bbox 287 1205 398 1242; x_wconf 75' lang='lat' dir='ltr'>quam</span> <span class='ocrx_word' id='word_1_191' title='bbox 413 1221 422 1235; x_wconf 84' lang='lat'>,</span> <span class='ocrx_word' id='word_1_192' title='bbox 447 1209 526 1232; x_wconf 89' lang='lat' dir='ltr'>non</span> <span class='ocrx_word' id='word_1_193' title='bbox 548 1196 633 1233; x_wconf 82' lang='lat' dir='ltr'>alibi</span> <span class='ocrx_word' id='word_1_194' title='bbox 658 1208 843 1243; x_wconf 82' lang='lat' dir='ltr'>repertam</span> <span class='ocrx_word' id='word_1_195' title='bbox 864 1196 955 1233; x_wconf 89' lang='lat' dir='ltr'>mihi</span> <span class='ocrx_word' id='word_1_196' title='bbox 978 1209 1043 1244; x_wconf 89' lang='lat' dir='ltr'>per</span> <span class='ocrx_word' id='word_1_197' title='bbox 1060 1197 1166 1235; x_wconf 88' lang='lat' dir='ltr'>Indd.</span> <span class='ocrx_word' id='word_1_198' title='bbox 1182 1223 1193 1239; x_wconf 85' lang='lat'>‚</span> <span class='ocrx_word' id='word_1_199' title='bbox 1221 1196 1320 1234; x_wconf 58' lang='lat' dir='ltr'>reete</span> <span class='ocrx_word' id='word_1_200' title='bbox 1339 1194 1504 1243; x_wconf 85' lang='lat' dir='ltr'>explevit</span> <span class='ocrx_word' id='word_1_201' title='bbox 1514 1194 1600 1244; x_wconf 85' lang='lat' dir='ltr'>Vig.</span> <span class='ocrx_word' id='word_1_202' title='bbox 1612 1205 1684 1242; x_wconf 85' lang='lat' dir='ltr'>per</span> 
     </span>
     <span class='ocr_line' id='line_1_19' title="bbox 147 1243 1684 1294; baseline 0.004 -16"><span class='ocrx_word' id='word_1_203' title='bbox 147 1255 186 1279; x_wconf 89' lang='lat' dir='ltr'>v.</span> <span class='ocrx_word' id='word_1_204' title='bbox 208 1244 315 1280; x_wconf 83' lang='lat' dir='ltr'>subst.</span> <span class='ocrx_word' id='word_1_205' title='bbox 334 1252 509 1290; x_wconf 56' lang='grc' dir='ltr'><strong><em>’γινομένων</em></strong></span> <span class='ocrx_word' id='word_1_206' title='bbox 528 1245 551 1280; x_wconf 85' lang='lat' dir='ltr'>s.</span> <span class='ocrx_word' id='word_1_207' title='bbox 573 1243 698 1287; x_wconf 63' lang='grc' dir='ltr'><strong>ὄντων,</strong></span> <span class='ocrx_word' id='word_1_208' title='bbox 735 1245 837 1292; x_wconf 88' lang='lat' dir='ltr'>quod</span> <span class='ocrx_word' id='word_1_209' title='bbox 858 1245 991 1282; x_wconf 83' lang='lat' dir='ltr'>diserte</span> <span class='ocrx_word' id='word_1_210' title='bbox 1012 1258 1091 1283; x_wconf 84' lang='lat' dir='ltr'>erat</span> <span class='ocrx_word' id='word_1_211' title='bbox 1116 1259 1173 1294; x_wconf 83' lang='lat' dir='ltr'>ap.</span> <span class='ocrx_word' id='word_1_212' title='bbox 1198 1247 1288 1284; x_wconf 78' lang='lat' dir='ltr'>Bud-</span> <span class='ocrx_word' id='word_1_213' title='bbox 1312 1247 1353 1282; x_wconf 90' lang='lat' dir='ltr'>C.</span> <span class='ocrx_word' id='word_1_214' title='bbox 1373 1246 1398 1281; x_wconf 91' lang='lat' dir='ltr'>l.</span> <span class='ocrx_word' id='word_1_215' title='bbox 1417 1244 1442 1280; x_wconf 88' lang='lat' dir='ltr'>l.</span> <span class='ocrx_word' id='word_1_216' title='bbox 1462 1243 1502 1280; x_wconf 87' lang='lat' dir='ltr'>in</span> <span class='ocrx_word' id='word_1_217' title='bbox 1522 1244 1605 1292; x_wconf 84' lang='lat' dir='ltr'>syn·</span> <span class='ocrx_word' id='word_1_218' title='bbox 1632 1246 1684 1284; x_wconf 70' lang='grc' dir='ltr'>»ὅ</span> 
     </span>
     <span class='ocr_line' id='line_1_20' title="bbox 149 1291 1684 1343; baseline -0.002 -10"><span class='ocrx_word' id='word_1_219' title='bbox 149 1298 205 1333; x_wconf 64' lang='grc' dir='ltr'>ἐπὶ</span> <span class='ocrx_word' id='word_1_220' title='bbox 224 1301 289 1331; x_wconf 71' lang='grc' dir='ltr'>τῶν</span> <span class='ocrx_word' id='word_1_221' title='bbox 314 1299 476 1333; x_wconf 58' lang='grc' dir='ltr'>ἐπιπλεῖν</span> <span class='ocrx_word' id='word_1_222' title='bbox 498 1291 673 1339; x_wconf 64' lang='grc' dir='ltr'><em>γενόμενος</em></span> <span class='ocrx_word' id='word_1_223' title='bbox 688 1319 698 1336; x_wconf 88' lang='grc'><strong><em>,</em></strong></span> <span class='ocrx_word' id='word_1_224' title='bbox 730 1297 773 1331; x_wconf 85' lang='lat' dir='ltr'>ab</span> <span class='ocrx_word' id='word_1_225' title='bbox 793 1294 976 1343; x_wconf 79' lang='lat' dir='ltr'>epistolis“</span> <span class='ocrx_word' id='word_1_226' title='bbox 1004 1295 1105 1332; x_wconf 86' lang='lat' dir='ltr'>unde</span> <span class='ocrx_word' id='word_1_227' title='bbox 1125 1297 1179 1332; x_wconf 85' lang='lat' dir='ltr'>vis</span> <span class='ocrx_word' id='word_1_228' title='bbox 1200 1295 1383 1333; x_wconf 72' lang='lat' dir='ltr'>formulae</span> <span class='ocrx_word' id='word_1_229' title='bbox 1401 1306 1481 1330; x_wconf 89' lang='lat' dir='ltr'>non</span> <span class='ocrx_word' id='word_1_230' title='bbox 1503 1291 1622 1331; x_wconf 86' lang='lat' dir='ltr'>fuerit</span> <span class='ocrx_word' id='word_1_231' title='bbox 1639 1291 1684 1330; x_wconf 81' lang='lat' dir='ltr'>in</span> 
     </span>
     <span class='ocr_line' id='line_1_21' title="bbox 150 1343 1684 1394; baseline 0.001 -16"><span class='ocrx_word' id='word_1_232' title='bbox 150 1354 208 1390; x_wconf 87' lang='lat' dir='ltr'>pr.</span> <span class='ocrx_word' id='word_1_233' title='bbox 228 1349 331 1389; x_wconf 66' lang='grc' dir='ltr'><strong><em>πρὸς,</em></strong></span> <span class='ocrx_word' id='word_1_234' title='bbox 368 1354 412 1380; x_wconf 87' lang='lat' dir='ltr'>ut</span> <span class='ocrx_word' id='word_1_235' title='bbox 436 1344 560 1382; x_wconf 83' lang='lat' dir='ltr'>Leisn.</span> <span class='ocrx_word' id='word_1_236' title='bbox 581 1357 664 1380; x_wconf 89' lang='lat' dir='ltr'>cum</span> <span class='ocrx_word' id='word_1_237' title='bbox 687 1343 768 1392; x_wconf 81' lang='lat' dir='ltr'>Vig.</span> <span class='ocrx_word' id='word_1_238' title='bbox 789 1347 962 1392; x_wconf 84' lang='lat' dir='ltr'>putabat,</span> <span class='ocrx_word' id='word_1_239' title='bbox 993 1349 1107 1394; x_wconf 87' lang='lat' dir='ltr'>(quae</span> <span class='ocrx_word' id='word_1_240' title='bbox 1125 1346 1221 1383; x_wconf 84' lang='lat' dir='ltr'>nihil</span> <span class='ocrx_word' id='word_1_241' title='bbox 1245 1345 1316 1387; x_wconf 89' lang='lat' dir='ltr'>est,</span> <span class='ocrx_word' id='word_1_242' title='bbox 1351 1356 1461 1393; x_wconf 87' lang='lat' dir='ltr'>quam</span> <span class='ocrx_word' id='word_1_243' title='bbox 1483 1343 1569 1380; x_wconf 84' lang='lat' dir='ltr'>alias</span> <span class='ocrx_word' id='word_1_244' title='bbox 1596 1353 1684 1379; x_wconf 85' lang='lat' dir='ltr'>cum</span> 
     </span>
     <span class='ocr_line' id='line_1_22' title="bbox 150 1392 1684 1443; baseline 0.002 -16"><span class='ocrx_word' id='word_1_245' title='bbox 150 1392 247 1434; x_wconf 58' lang='lat' dir='ltr'>dat„</span> <span class='ocrx_word' id='word_1_246' title='bbox 281 1393 362 1430; x_wconf 84' lang='lat' dir='ltr'>Lat.</span> <span class='ocrx_word' id='word_1_247' title='bbox 382 1397 452 1436; x_wconf 77' lang='lat' dir='ltr'>acl,</span> <span class='ocrx_word' id='word_1_248' title='bbox 481 1407 546 1441; x_wconf 85' lang='lat' dir='ltr'>pro</span> <span class='ocrx_word' id='word_1_249' title='bbox 566 1394 662 1438; x_wconf 81' lang='lat' dir='ltr'>apud</span> <span class='ocrx_word' id='word_1_250' title='bbox 686 1393 708 1430; x_wconf 95' lang='lat' dir='ltr'>s.</span> <span class='ocrx_word' id='word_1_251' title='bbox 731 1395 857 1439; x_wconf 88' lang='lat' dir='ltr'>iuxta‚)</span> <span class='ocrx_word' id='word_1_252' title='bbox 879 1393 940 1430; x_wconf 79' lang='lat' dir='ltr'>sed</span> <span class='ocrx_word' id='word_1_253' title='bbox 964 1395 1092 1441; x_wconf 89' lang='lat' dir='ltr'>potius</span> <span class='ocrx_word' id='word_1_254' title='bbox 1110 1394 1149 1431; x_wconf 90' lang='lat' dir='ltr'>in</span> <span class='ocrx_word' id='word_1_255' title='bbox 1170 1394 1342 1443; x_wconf 87' lang='lat' dir='ltr'>particip.</span> <span class='ocrx_word' id='word_1_256' title='bbox 1360 1392 1503 1436; x_wconf 79' lang='lat' dir='ltr'>omiffo‚</span> <span class='ocrx_word' id='word_1_257' title='bbox 1529 1404 1572 1429; x_wconf 90' lang='lat' dir='ltr'>ut</span> <span class='ocrx_word' id='word_1_258' title='bbox 1591 1406 1626 1428; x_wconf 93' lang='lat' dir='ltr'>v.</span> <span class='ocrx_word' id='word_1_259' title='bbox 1648 1403 1684 1430; x_wconf 82' lang='lat' dir='ltr'>c.</span> 
     </span>
     <span class='ocr_line' id='line_1_23' title="bbox 149 1441 1685 1493; baseline 0.001 -16"><span class='ocrx_word' id='word_1_260' title='bbox 149 1441 246 1482; x_wconf 78' lang='lat' dir='ltr'>effe,</span> <span class='ocrx_word' id='word_1_261' title='bbox 280 1443 522 1480; x_wconf 83' lang='lat' dir='ltr'>constitutum</span> <span class='ocrx_word' id='word_1_262' title='bbox 546 1443 636 1485; x_wconf 77' lang='lat' dir='ltr'>effe,</span> <span class='ocrx_word' id='word_1_263' title='bbox 669 1443 758 1479; x_wconf 85' lang='lat' dir='ltr'>stare</span> <span class='ocrx_word' id='word_1_264' title='bbox 780 1444 879 1490; x_wconf 91' lang='lat' dir='ltr'>apud</span> <span class='ocrx_word' id='word_1_265' title='bbox 900 1443 1054 1487; x_wconf 78' lang='lat' dir='ltr'>calices,</span> <span class='ocrx_word' id='word_1_266' title='bbox 1096 1443 1140 1482; x_wconf 80' lang='lat' dir='ltr'>fit</span> <span class='ocrx_word' id='word_1_267' title='bbox 1163 1445 1187 1482; x_wconf 89' lang='lat' dir='ltr'>i.</span> <span class='ocrx_word' id='word_1_268' title='bbox 1207 1457 1243 1493; x_wconf 89' lang='lat' dir='ltr'>q.</span> <span class='ocrx_word' id='word_1_269' title='bbox 1274 1457 1402 1481; x_wconf 88' lang='lat' dir='ltr'>curare</span> <span class='ocrx_word' id='word_1_270' title='bbox 1420 1443 1575 1485; x_wconf 81' lang='lat' dir='ltr'>calices,</span> <span class='ocrx_word' id='word_1_271' title='bbox 1611 1441 1685 1478; x_wconf 89' lang='lat' dir='ltr'>im·</span> 
     </span>
     <span class='ocr_line' id='line_1_24' title="bbox 147 1489 1686 1542; baseline -0.001 -14"><span class='ocrx_word' id='word_1_272' title='bbox 147 1491 256 1538; x_wconf 84' lang='lat' dir='ltr'>plere</span> <span class='ocrx_word' id='word_1_273' title='bbox 280 1492 372 1529; x_wconf 89' lang='lat' dir='ltr'>vino</span> <span class='ocrx_word' id='word_1_274' title='bbox 393 1494 526 1529; x_wconf 85' lang='lat' dir='ltr'>calices</span> <span class='ocrx_word' id='word_1_275' title='bbox 546 1504 585 1529; x_wconf 86' lang='lat' dir='ltr'>et</span> <span class='ocrx_word' id='word_1_276' title='bbox 607 1493 816 1541; x_wconf 79' lang='lat' dir='ltr'>porrigere,</span> <span class='ocrx_word' id='word_1_277' title='bbox 843 1493 945 1541; x_wconf 84' lang='lat' dir='ltr'>quod</span> <span class='ocrx_word' id='word_1_278' title='bbox 968 1495 1019 1530; x_wconf 90' lang='lat' dir='ltr'>est</span> <span class='ocrx_word' id='word_1_279' title='bbox 1038 1493 1320 1541; x_wconf 84' lang='lat' dir='ltr'>pincernarum;</span> <span class='ocrx_word' id='word_1_280' title='bbox 1348 1492 1573 1542; x_wconf 69' lang='lat' dir='ltr'>:nequidem</span> <span class='ocrx_word' id='word_1_281' title='bbox 1586 1489 1686 1539; x_wconf 88' lang='lat' dir='ltr'>pres-</span> 
     </span>
     <span class='ocr_line' id='line_1_25' title="bbox 147 1538 1685 1591; baseline 0.001 -14"><span class='ocrx_word' id='word_1_282' title='bbox 147 1538 234 1577; x_wconf 79' lang='lat' dir='ltr'>suro</span> <span class='ocrx_word' id='word_1_283' title='bbox 264 1542 412 1590; x_wconf 78' lang='lat' dir='ltr'>vestigia</span> <span class='ocrx_word' id='word_1_284' title='bbox 432 1544 495 1580; x_wconf 83' lang='lat' dir='ltr'>Gr.</span> <span class='ocrx_word' id='word_1_285' title='bbox 525 1542 594 1585; x_wconf 80' lang='lat' dir='ltr'>fic,</span> <span class='ocrx_word' id='word_1_286' title='bbox 625 1543 833 1591; x_wconf 71' lang='lat' dir='ltr'>quibusdam</span> <span class='ocrx_word' id='word_1_287' title='bbox 864 1544 928 1578; x_wconf 66' lang='lat' dir='ltr'>aut</span> <span class='ocrx_word' id='word_1_288' title='bbox 957 1555 1166 1591; x_wconf 81' lang='lat' dir='ltr'>coquorum,</span> <span class='ocrx_word' id='word_1_289' title='bbox 1201 1556 1266 1581; x_wconf 90' lang='lat' dir='ltr'>aut</span> <span class='ocrx_word' id='word_1_290' title='bbox 1296 1545 1437 1580; x_wconf 85' lang='lat' dir='ltr'>illorum</span> <span class='ocrx_word' id='word_1_291' title='bbox 1467 1542 1512 1579; x_wconf 89' lang='lat' dir='ltr'>ad</span> <span class='ocrx_word' id='word_1_292' title='bbox 1540 1542 1685 1579; x_wconf 87' lang='lat' dir='ltr'>calices.</span> 
     </span>
     <span class='ocr_line' id='line_1_26' title="bbox 146 1591 1682 1640; baseline 0.002 -14"><span class='ocrx_word' id='word_1_293' title='bbox 146 1591 222 1627; x_wconf 84' lang='lat' dir='ltr'>Sed</span> <span class='ocrx_word' id='word_1_294' title='bbox 240 1591 453 1629; x_wconf 53' lang='lat' dir='ltr'>coniectura</span> <span class='ocrx_word' id='word_1_295' title='bbox 474 1592 561 1629; x_wconf 79' lang='lat' dir='ltr'>Rsk.</span> <span class='ocrx_word' id='word_1_296' title='bbox 583 1604 666 1628; x_wconf 88' lang='lat' dir='ltr'>non</span> <span class='ocrx_word' id='word_1_297' title='bbox 684 1604 777 1640; x_wconf 90' lang='lat' dir='ltr'>opus</span> <span class='ocrx_word' id='word_1_298' title='bbox 796 1594 874 1639; x_wconf 84' lang='lat' dir='ltr'>post</span> <span class='ocrx_word' id='word_1_299' title='bbox 896 1591 959 1627; x_wconf 87' lang='lat' dir='ltr'>illa</span> <span class='ocrx_word' id='word_1_300' title='bbox 981 1592 1191 1640; x_wconf 80' lang='lat' dir='ltr'>superiora;</span> <span class='ocrx_word' id='word_1_301' title='bbox 1223 1593 1394 1630; x_wconf 79' lang='lat' dir='ltr'>omissum</span> <span class='ocrx_word' id='word_1_302' title='bbox 1412 1604 1432 1628; x_wconf 85' lang='lat' dir='ltr'>a</span> <span class='ocrx_word' id='word_1_303' title='bbox 1451 1593 1489 1627; x_wconf 87' lang='lat' dir='ltr'>P.</span> <span class='ocrx_word' id='word_1_304' title='bbox 1512 1592 1577 1628; x_wconf 86' lang='lat' dir='ltr'>inf.</span> <span class='ocrx_word' id='word_1_305' title='bbox 1592 1593 1682 1629; x_wconf 68' lang='grc' dir='ltr'>λαθ.</span> 
     </span>
     <span class='ocr_line' id='line_1_27' title="bbox 143 1640 1683 1726; baseline 0.001 -50"><span class='ocrx_word' id='word_1_306' title='bbox 143 1640 334 1726; x_wconf 36' lang='lat' dir='ltr'>geel-effer</span> <span class='ocrx_word' id='word_1_307' title='bbox 351 1640 526 1678; x_wconf 87' lang='lat' dir='ltr'>hendiad.</span> <span class='ocrx_word' id='word_1_308' title='bbox 546 1640 716 1679; x_wconf 82' lang='lat' dir='ltr'>servante</span> <span class='ocrx_word' id='word_1_309' title='bbox 734 1644 820 1691; x_wconf 82' lang='lat' dir='ltr'>Bg.‚</span> <span class='ocrx_word' id='word_1_310' title='bbox 847 1651 887 1678; x_wconf 85' lang='lat' dir='ltr'>et</span> <span class='ocrx_word' id='word_1_311' title='bbox 908 1653 929 1677; x_wconf 89' lang='lat' dir='ltr'>e</span> <span class='ocrx_word' id='word_1_312' title='bbox 947 1641 1033 1679; x_wconf 85' lang='lat' dir='ltr'>sch.</span> <span class='ocrx_word' id='word_1_313' title='bbox 1052 1644 1097 1680; x_wconf 87' lang='lat' dir='ltr'>ad</span> <span class='ocrx_word' id='word_1_314' title='bbox 1117 1655 1152 1679; x_wconf 87' lang='lat' dir='ltr'>v.</span> <span class='ocrx_word' id='word_1_315' title='bbox 1173 1646 1259 1682; x_wconf 75' lang='grc' dir='ltr'><strong>ἐπιδ.</strong></span> <span class='ocrx_word' id='word_1_316' title='bbox 1279 1645 1357 1680; x_wconf 88' lang='lat' dir='ltr'>Lat.</span> <span class='ocrx_word' id='word_1_317' title='bbox 1370 1666 1381 1684; x_wconf 93' lang='lat'>‚</span> <span class='ocrx_word' id='word_1_318' title='bbox 1418 1642 1631 1691; x_wconf 85' lang='lat' dir='ltr'>ignoratum</span> <span class='ocrx_word' id='word_1_319' title='bbox 1660 1652 1683 1677; x_wconf 82' lang='lat' dir='ltr'>a</span> 
     </span>
    </p>

    <p class='ocr_par' dir='ltr' id='par_1_7' title="bbox 173 1692 324 1729">
     <span class='ocr_line' id='line_1_28' title="bbox 173 1692 324 1729; baseline 0.026 -4"><span class='ocrx_word' id='word_1_320' title='bbox 173 1699 188 1725; x_wconf 91' lang='lat' dir='ltr'>t</span> <span class='ocrx_word' id='word_1_321' title='bbox 218 1717 228 1726; x_wconf 90' lang='lat'><em>.</em></span> <span class='ocrx_word' id='word_1_322' title='bbox 288 1692 324 1729; x_wconf 81' lang='lat' dir='ltr'>h.</span> 
     </span>
    </p>

    <p class='ocr_par' dir='ltr' id='par_1_8' title="bbox 141 1701 1686 2136">
     <span class='ocr_line' id='line_1_29' title="bbox 191 1701 1683 1790; baseline 0.001 -14"><span class='ocrx_word' id='word_1_323' title='bbox 191 1701 378 1786; x_wconf 52' lang='lat' dir='ltr'>lifoi-mnu.)</span> <span class='ocrx_word' id='word_1_324' title='bbox 408 1738 555 1777; x_wconf 83' lang='lat' dir='ltr'>schotti</span> <span class='ocrx_word' id='word_1_325' title='bbox 576 1741 649 1778; x_wconf 75' lang='lat' dir='ltr'>Ms·</span> <span class='ocrx_word' id='word_1_326' title='bbox 672 1740 729 1780; x_wconf 73' lang='grc' dir='ltr'>ἆπ.</span> <span class='ocrx_word' id='word_1_327' title='bbox 750 1743 786 1778; x_wconf 82' lang='grc' dir='ltr'>δὲ</span> <span class='ocrx_word' id='word_1_328' title='bbox 802 1748 866 1778; x_wconf 77' lang='grc' dir='ltr'>τῶν</span> <span class='ocrx_word' id='word_1_329' title='bbox 884 1758 920 1779; x_wconf 74' lang='lat' dir='ltr'>ae.</span> <span class='ocrx_word' id='word_1_330' title='bbox 945 1755 1040 1790; x_wconf 89' lang='lat' dir='ltr'>quae</span> <span class='ocrx_word' id='word_1_331' title='bbox 1057 1754 1185 1779; x_wconf 87' lang='lat' dir='ltr'>tamen</span> <span class='ocrx_word' id='word_1_332' title='bbox 1213 1740 1435 1779; x_wconf 72' lang='lat' dir='ltr'>coniunffio</span> <span class='ocrx_word' id='word_1_333' title='bbox 1463 1740 1607 1778; x_wconf 81' lang='lat' dir='ltr'>nullam</span> <span class='ocrx_word' id='word_1_334' title='bbox 1639 1738 1683 1777; x_wconf 84' lang='lat' dir='ltr'>in</span> 
     </span>
     <span class='ocr_line' id='line_1_30' title="bbox 143 1787 1684 1841; baseline 0 -16"><span class='ocrx_word' id='word_1_335' title='bbox 143 1787 248 1841; x_wconf 51' lang='lat' dir='ltr'>seqq:</span> <span class='ocrx_word' id='word_1_336' title='bbox 270 1789 525 1827; x_wconf 82' lang='lat' dir='ltr'>redditionem</span> <span class='ocrx_word' id='word_1_337' title='bbox 546 1791 678 1832; x_wconf 81' lang='lat' dir='ltr'>habet3</span> <span class='ocrx_word' id='word_1_338' title='bbox 705 1789 771 1827; x_wconf 83' lang='lat' dir='ltr'>nili</span> <span class='ocrx_word' id='word_1_339' title='bbox 791 1804 832 1827; x_wconf 88' lang='lat' dir='ltr'>ea</span> <span class='ocrx_word' id='word_1_340' title='bbox 853 1804 918 1837; x_wconf 87' lang='lat' dir='ltr'>per</span> <span class='ocrx_word' id='word_1_341' title='bbox 942 1791 1177 1840; x_wconf 80' lang='lat' dir='ltr'>epanalepsin</span> <span class='ocrx_word' id='word_1_342' title='bbox 1200 1791 1378 1828; x_wconf 87' lang='lat' dir='ltr'>statuatur</span> <span class='ocrx_word' id='word_1_343' title='bbox 1399 1791 1434 1840; x_wconf 89' lang='lat'>§.</span> <span class='ocrx_word' id='word_1_344' title='bbox 1459 1803 1515 1827; x_wconf 83' lang='grc' dir='ltr'>ιι.</span> <span class='ocrx_word' id='word_1_345' title='bbox 1541 1789 1582 1827; x_wconf 87' lang='lat' dir='ltr'>in</span> <span class='ocrx_word' id='word_1_346' title='bbox 1605 1787 1684 1826; x_wconf 81' lang='lat' dir='ltr'>istis</span> 
     </span>
     <span class='ocr_line' id='line_1_31' title="bbox 145 1836 1685 1890; baseline 0 -14"><span class='ocrx_word' id='word_1_347' title='bbox 145 1837 187 1876; x_wconf 75' lang='grc' dir='ltr'>τὸ</span> <span class='ocrx_word' id='word_1_348' title='bbox 209 1849 264 1878; x_wconf 51' lang='grc' dir='ltr'>ιη</span> <span class='ocrx_word' id='word_1_349' title='bbox 285 1836 450 1883; x_wconf 68' lang='grc' dir='ltr'>ἔπευλον,</span> <span class='ocrx_word' id='word_1_350' title='bbox 489 1851 533 1876; x_wconf 87' lang='lat' dir='ltr'>ut</span> <span class='ocrx_word' id='word_1_351' title='bbox 562 1839 811 1877; x_wconf 85' lang='lat' dir='ltr'>intermediae</span> <span class='ocrx_word' id='word_1_352' title='bbox 838 1843 931 1878; x_wconf 87' lang='lat' dir='ltr'>duae</span> <span class='ocrx_word' id='word_1_353' title='bbox 951 1841 1094 1888; x_wconf 87' lang='lat' dir='ltr'>periodi</span> <span class='ocrx_word' id='word_1_354' title='bbox 1120 1840 1192 1878; x_wconf 87' lang='lat' dir='ltr'>fint</span> <span class='ocrx_word' id='word_1_355' title='bbox 1211 1841 1394 1889; x_wconf 84' lang='lat' dir='ltr'>quaedam</span> <span class='ocrx_word' id='word_1_356' title='bbox 1420 1838 1519 1888; x_wconf 74' lang='lat' dir='ltr'>quast</span> <span class='ocrx_word' id='word_1_357' title='bbox 1552 1850 1685 1890; x_wconf 66' lang='lat' dir='ltr'>pareq-</span> 
     </span>
     <span class='ocr_line' id='line_1_32' title="bbox 144 1885 1684 1938; baseline 0.001 -14"><span class='ocrx_word' id='word_1_358' title='bbox 144 1888 269 1925; x_wconf 73' lang='lat' dir='ltr'>thetis.</span> <span class='ocrx_word' id='word_1_359' title='bbox 292 1890 384 1937; x_wconf 76' lang='lat' dir='ltr'><em>Sylb.</em></span> <span class='ocrx_word' id='word_1_360' title='bbox 433 1890 517 1926; x_wconf 86' lang='lat' dir='ltr'>Post</span> <span class='ocrx_word' id='word_1_361' title='bbox 535 1893 626 1935; x_wconf 70' lang='grc' dir='ltr'>αὔτῷ</span> <span class='ocrx_word' id='word_1_362' title='bbox 646 1891 765 1928; x_wconf 80' lang='lat' dir='ltr'>deesse</span> <span class='ocrx_word' id='word_1_363' title='bbox 786 1889 879 1938; x_wconf 88' lang='lat' dir='ltr'>quid</span> <span class='ocrx_word' id='word_1_364' title='bbox 899 1891 1072 1932; x_wconf 86' lang='lat' dir='ltr'>videtur,</span> <span class='ocrx_word' id='word_1_365' title='bbox 1098 1904 1130 1929; x_wconf 88' lang='lat' dir='ltr'>e.</span> <span class='ocrx_word' id='word_1_366' title='bbox 1152 1903 1183 1927; x_wconf 94' lang='lat' dir='ltr'>c.</span> <span class='ocrx_word' id='word_1_367' title='bbox 1204 1895 1298 1929; x_wconf 68' lang='grc' dir='ltr'>ἀλλὰ</span> <span class='ocrx_word' id='word_1_368' title='bbox 1318 1896 1451 1935; x_wconf 76' lang='grc' dir='ltr'><strong><em>ματαία</em></strong></span> <span class='ocrx_word' id='word_1_369' title='bbox 1471 1885 1560 1933; x_wconf 72' lang='grc' dir='ltr'>αὕτη</span> <span class='ocrx_word' id='word_1_370' title='bbox 1577 1894 1622 1933; x_wconf 72' lang='grc' dir='ltr'>γὲ</span> <span class='ocrx_word' id='word_1_371' title='bbox 1643 1891 1684 1930; x_wconf 69' lang='lat'>¹3·</span> 
     </span>
     <span class='ocr_line' id='line_1_33' title="bbox 144 1935 1686 1988; baseline -0.001 -13"><span class='ocrx_word' id='word_1_372' title='bbox 144 1943 165 1979; x_wconf 71' lang='grc' dir='ltr'><strong><em>ἦ</em></strong></span> <span class='ocrx_word' id='word_1_373' title='bbox 185 1943 344 1986; x_wconf 68' lang='grc' dir='ltr'>ἐπιβουλὴ</span> <span class='ocrx_word' id='word_1_374' title='bbox 363 1937 418 1983; x_wconf 60' lang='lat' dir='ltr'>xm?</span> <span class='ocrx_word' id='word_1_375' title='bbox 435 1943 471 1978; x_wconf 76' lang='grc' dir='ltr'>ου’</span> <span class='ocrx_word' id='word_1_376' title='bbox 493 1939 693 1987; x_wconf 62' lang='grc' dir='ltr'>προεχῶςει.</span> <span class='ocrx_word' id='word_1_377' title='bbox 756 1939 907 1976; x_wconf 89' lang='lat' dir='ltr'>Deinde</span> <span class='ocrx_word' id='word_1_378' title='bbox 927 1941 1027 1977; x_wconf 86' lang='lat' dir='ltr'>forte</span> <span class='ocrx_word' id='word_1_379' title='bbox 1056 1948 1122 1978; x_wconf 71' lang='grc' dir='ltr'>τῶν</span> <span class='ocrx_word' id='word_1_380' title='bbox 1143 1949 1220 1988; x_wconf 59' lang='grc' dir='ltr'>περὶ</span> <span class='ocrx_word' id='word_1_381' title='bbox 1239 1941 1390 1986; x_wconf 79' lang='grc' dir='ltr'><strong><em>Ἀλβῖνον</em></strong></span> <span class='ocrx_word' id='word_1_382' title='bbox 1418 1945 1538 1986; x_wconf 68' lang='grc' dir='ltr'>φίλων.</span> <span class='ocrx_word' id='word_1_383' title='bbox 1563 1935 1686 1975; x_wconf 66' lang='lat' dir='ltr'>Reisk.</span> 
     </span>
     <span class='ocr_line' id='line_1_34' title="bbox 143 1983 1686 2037; baseline 0 -12"><span class='ocrx_word' id='word_1_384' title='bbox 143 1988 208 2025; x_wconf 89' lang='lat' dir='ltr'>Ne</span> <span class='ocrx_word' id='word_1_385' title='bbox 226 1988 370 2025; x_wconf 85' lang='lat' dir='ltr'>tirones</span> <span class='ocrx_word' id='word_1_386' title='bbox 394 2000 555 2037; x_wconf 84' lang='lat' dir='ltr'>putent,</span> <span class='ocrx_word' id='word_1_387' title='bbox 593 1990 684 2026; x_wconf 86' lang='lat' dir='ltr'>haec</span> <span class='ocrx_word' id='word_1_388' title='bbox 704 1989 774 2027; x_wconf 85' lang='lat' dir='ltr'>esse</span> <span class='ocrx_word' id='word_1_389' title='bbox 792 1985 1012 2031; x_wconf 56' lang='grc' dir='ltr'>ἄνει-ἄδυτα,</span> <span class='ocrx_word' id='word_1_390' title='bbox 1039 1990 1248 2028; x_wconf 80' lang='lat' dir='ltr'>notandum</span> <span class='ocrx_word' id='word_1_391' title='bbox 1270 1990 1340 2031; x_wconf 84' lang='lat' dir='ltr'>est,</span> <span class='ocrx_word' id='word_1_392' title='bbox 1365 1989 1475 2026; x_wconf 79' lang='lat' dir='ltr'>verba</span> <span class='ocrx_word' id='word_1_393' title='bbox 1497 1983 1686 2036; x_wconf 60' lang='grc' dir='ltr'><strong><em>διαβεβλή-</em></strong></span> 
     </span>
     <span class='ocr_line' id='line_1_35' title="bbox 143 2036 1685 2089; baseline 0.001 -16"><span class='ocrx_word' id='word_1_394' title='bbox 143 2052 258 2076; x_wconf 73' lang='grc' dir='ltr'>κεισεεν</span> <span class='ocrx_word' id='word_1_395' title='bbox 273 2058 314 2066; x_wconf 92' lang='grc'><strong>-</strong></span> <span class='ocrx_word' id='word_1_396' title='bbox 330 2042 486 2082; x_wconf 68' lang='grc' dir='ltr'>ἐδηλοῦτο</span> <span class='ocrx_word' id='word_1_397' title='bbox 508 2037 745 2087; x_wconf 70' lang='lat' dir='ltr'>parenthesin</span> <span class='ocrx_word' id='word_1_398' title='bbox 765 2039 932 2084; x_wconf 85' lang='lat' dir='ltr'>efficere,</span> <span class='ocrx_word' id='word_1_399' title='bbox 969 2039 1052 2088; x_wconf 87' lang='lat' dir='ltr'>post</span> <span class='ocrx_word' id='word_1_400' title='bbox 1071 2052 1168 2089; x_wconf 87' lang='lat' dir='ltr'>quae</span> <span class='ocrx_word' id='word_1_401' title='bbox 1189 2036 1351 2082; x_wconf 66' lang='grc' dir='ltr'>ἐπίδοσις</span> <span class='ocrx_word' id='word_1_402' title='bbox 1371 2038 1542 2088; x_wconf 81' lang='lat' dir='ltr'>sequitur</span> <span class='ocrx_word' id='word_1_403' title='bbox 1563 2036 1583 2076; x_wconf 74' lang='grc' dir='ltr'><em>ὅ</em></span> <span class='ocrx_word' id='word_1_404' title='bbox 1602 2037 1685 2076; x_wconf 70' lang='grc' dir='ltr'>ἈΛ-</span> 
     </span>
     <span class='ocr_line' id='line_1_36' title="bbox 141 2085 753 2136; baseline 0.002 -12"><span class='ocrx_word' id='word_1_405' title='bbox 141 2091 234 2132; x_wconf 73' lang='grc' dir='ltr'>βῖνος</span> <span class='ocrx_word' id='word_1_406' title='bbox 256 2085 430 2136; x_wconf 67' lang='grc' dir='ltr'>ἕφςκττεν</span> <span class='ocrx_word' id='word_1_407' title='bbox 452 2089 589 2126; x_wconf 63' lang='grc' dir='ltr'>ἑαυτὸν.</span> <span class='ocrx_word' id='word_1_408' title='bbox 615 2089 753 2125; x_wconf 77' lang='lat' dir='ltr'>Stroth.</span> 
     </span>
    </p>

    <p class='ocr_par' dir='ltr' id='par_1_9' title="bbox 137 2136 1701 2782">
     <span class='ocr_line' id='line_1_37' title="bbox 246 2136 1683 2187; baseline -0.001 -12"><span class='ocrx_word' id='word_1_409' title='bbox 246 2140 284 2175; x_wconf 79' lang='grc' dir='ltr'>Ρ.</span> <span class='ocrx_word' id='word_1_410' title='bbox 306 2138 425 2175; x_wconf 86' lang='lat' dir='ltr'>refert</span> <span class='ocrx_word' id='word_1_411' title='bbox 447 2138 600 2187; x_wconf 87' lang='lat' dir='ltr'>quidem</span> <span class='ocrx_word' id='word_1_412' title='bbox 622 2149 662 2175; x_wconf 88' lang='lat' dir='ltr'>et</span> <span class='ocrx_word' id='word_1_413' title='bbox 683 2138 761 2186; x_wconf 84' lang='lat' dir='ltr'>ipse</span> <span class='ocrx_word' id='word_1_414' title='bbox 779 2139 950 2185; x_wconf 81' lang='lat' dir='ltr'>copulam</span> <span class='ocrx_word' id='word_1_415' title='bbox 973 2138 1113 2178; x_wconf 83' lang='lat' dir='ltr'>advers.</span> <span class='ocrx_word' id='word_1_416' title='bbox 1134 2144 1194 2183; x_wconf 78' lang='grc' dir='ltr'>δὲ,</span> <span class='ocrx_word' id='word_1_417' title='bbox 1222 2138 1309 2181; x_wconf 82' lang='lat' dir='ltr'>sed,</span> <span class='ocrx_word' id='word_1_418' title='bbox 1333 2137 1471 2176; x_wconf 89' lang='lat' dir='ltr'>cumin</span> <span class='ocrx_word' id='word_1_419' title='bbox 1486 2137 1550 2175; x_wconf 87' lang='lat' dir='ltr'>rel.</span> <span class='ocrx_word' id='word_1_420' title='bbox 1564 2136 1683 2175; x_wconf 83' lang='lat' dir='ltr'>libere</span> 
     </span>
     <span class='ocr_line' id='line_1_38' title="bbox 144 2186 1682 2237; baseline 0 -15"><span class='ocrx_word' id='word_1_421' title='bbox 144 2186 332 2230; x_wconf 84' lang='lat' dir='ltr'>versetur,</span> <span class='ocrx_word' id='word_1_422' title='bbox 368 2188 519 2225; x_wconf 83' lang='lat' dir='ltr'>videtur</span> <span class='ocrx_word' id='word_1_423' title='bbox 551 2201 597 2224; x_wconf 85' lang='lat' dir='ltr'>ex</span> <span class='ocrx_word' id='word_1_424' title='bbox 626 2188 687 2224; x_wconf 87' lang='lat' dir='ltr'>illa</span> <span class='ocrx_word' id='word_1_425' title='bbox 709 2189 801 2225; x_wconf 78' lang='lat' dir='ltr'>Mss.</span> <span class='ocrx_word' id='word_1_426' title='bbox 830 2189 991 2225; x_wconf 70' lang='lat' dir='ltr'>leffione</span> <span class='ocrx_word' id='word_1_427' title='bbox 1020 2188 1053 2227; x_wconf 88' lang='lat' dir='ltr'>se</span> <span class='ocrx_word' id='word_1_428' title='bbox 1081 2188 1303 2237; x_wconf 82' lang='lat' dir='ltr'>expedivisse</span> <span class='ocrx_word' id='word_1_429' title='bbox 1332 2199 1541 2236; x_wconf 88' lang='lat' dir='ltr'>utcunque.</span> <span class='ocrx_word' id='word_1_430' title='bbox 1601 2186 1682 2235; x_wconf 86' lang='lat' dir='ltr'>Ego</span> 
     </span>
     <span class='ocr_line' id='line_1_39' title="bbox 144 2233 1683 2285; baseline 0.001 -12"><span class='ocrx_word' id='word_1_431' title='bbox 144 2237 301 2284; x_wconf 78' lang='lat' dir='ltr'>quidem</span> <span class='ocrx_word' id='word_1_432' title='bbox 325 2238 541 2275; x_wconf 85' lang='lat' dir='ltr'>leniffimarn</span> <span class='ocrx_word' id='word_1_433' title='bbox 572 2237 799 2274; x_wconf 82' lang='lat' dir='ltr'>medicinam</span> <span class='ocrx_word' id='word_1_434' title='bbox 828 2239 1028 2285; x_wconf 84' lang='lat' dir='ltr'>putabam,</span> <span class='ocrx_word' id='word_1_435' title='bbox 1063 2237 1088 2276; x_wconf 85' lang='lat' dir='ltr'>fi</span> <span class='ocrx_word' id='word_1_436' title='bbox 1121 2251 1204 2275; x_wconf 87' lang='lat' dir='ltr'>cum</span> <span class='ocrx_word' id='word_1_437' title='bbox 1235 2238 1320 2276; x_wconf 88' lang='lat' dir='ltr'>edd.</span> <span class='ocrx_word' id='word_1_438' title='bbox 1349 2237 1574 2285; x_wconf 81' lang='lat' dir='ltr'>quibusdam</span> <span class='ocrx_word' id='word_1_439' title='bbox 1600 2233 1683 2283; x_wconf 87' lang='lat' dir='ltr'>post</span> 
     </span>
     <span class='ocr_line' id='line_1_40' title="bbox 143 2283 1683 2337; baseline -0.001 -14"><span class='ocrx_word' id='word_1_440' title='bbox 143 2289 240 2332; x_wconf 65' lang='grc' dir='ltr'>αὐτῷ</span> <span class='ocrx_word' id='word_1_441' title='bbox 263 2298 469 2333; x_wconf 86' lang='lat' dir='ltr'>poneretur</span> <span class='ocrx_word' id='word_1_442' title='bbox 497 2299 642 2323; x_wconf 87' lang='lat' dir='ltr'>comma</span> <span class='ocrx_word' id='word_1_443' title='bbox 671 2286 809 2331; x_wconf 83' lang='lat' dir='ltr'>modo,</span> <span class='ocrx_word' id='word_1_444' title='bbox 846 2287 965 2335; x_wconf 85' lang='lat' dir='ltr'>(quod</span> <span class='ocrx_word' id='word_1_445' title='bbox 994 2289 1108 2325; x_wconf 86' lang='lat' dir='ltr'>etiam</span> <span class='ocrx_word' id='word_1_446' title='bbox 1135 2288 1263 2326; x_wconf 85' lang='lat' dir='ltr'>Leisn.</span> <span class='ocrx_word' id='word_1_447' title='bbox 1289 2288 1330 2325; x_wconf 88' lang='lat' dir='ltr'>in</span> <span class='ocrx_word' id='word_1_448' title='bbox 1351 2288 1425 2325; x_wconf 85' lang='lat' dir='ltr'>Ms.</span> <span class='ocrx_word' id='word_1_449' title='bbox 1451 2290 1511 2337; x_wconf 81' lang='lat' dir='ltr'>Bg.</span> <span class='ocrx_word' id='word_1_450' title='bbox 1542 2283 1683 2323; x_wconf 64' lang='lat' dir='ltr'>cerussa</span> 
     </span>
     <span class='ocr_line' id='line_1_41' title="bbox 145 2333 1683 2386; baseline -0.001 -14"><span class='ocrx_word' id='word_1_451' title='bbox 145 2333 316 2383; x_wconf 76' lang='lat' dir='ltr'>fignavit)</span> <span class='ocrx_word' id='word_1_452' title='bbox 335 2348 375 2373; x_wconf 85' lang='lat' dir='ltr'>et</span> <span class='ocrx_word' id='word_1_453' title='bbox 391 2335 551 2386; x_wconf 84' lang='lat' dir='ltr'>genitivi</span> <span class='ocrx_word' id='word_1_454' title='bbox 573 2336 701 2385; x_wconf 86' lang='lat' dir='ltr'>consq.</span> <span class='ocrx_word' id='word_1_455' title='bbox 723 2335 763 2373; x_wconf 86' lang='lat' dir='ltr'>in</span> <span class='ocrx_word' id='word_1_456' title='bbox 785 2337 948 2374; x_wconf 87' lang='lat' dir='ltr'>notione</span> <span class='ocrx_word' id='word_1_457' title='bbox 968 2338 1072 2376; x_wconf 91' lang='lat' dir='ltr'>modi</span> <span class='ocrx_word' id='word_1_458' title='bbox 1092 2338 1118 2375; x_wconf 86' lang='lat' dir='ltr'>s.</span> <span class='ocrx_word' id='word_1_459' title='bbox 1140 2339 1323 2386; x_wconf 84' lang='lat' dir='ltr'>temporis</span> <span class='ocrx_word' id='word_1_460' title='bbox 1345 2338 1594 2378; x_wconf 86' lang='lat' dir='ltr'>sumerentur,</span> <span class='ocrx_word' id='word_1_461' title='bbox 1621 2346 1683 2371; x_wconf 88' lang='lat' dir='ltr'>re-</span> 
     </span>
     <span class='ocr_line' id='line_1_42' title="bbox 143 2384 1677 2436; baseline -0.001 -15"><span class='ocrx_word' id='word_1_462' title='bbox 143 2384 316 2423; x_wconf 82' lang='lat' dir='ltr'>solvendi</span> <span class='ocrx_word' id='word_1_463' title='bbox 339 2399 405 2434; x_wconf 88' lang='lat' dir='ltr'>per</span> <span class='ocrx_word' id='word_1_464' title='bbox 422 2386 640 2436; x_wconf 73' lang='lat' dir='ltr'>particulam</span> <span class='ocrx_word' id='word_1_465' title='bbox 661 2388 739 2424; x_wconf 89' lang='lat' dir='ltr'>Lat.</span> <span class='ocrx_word' id='word_1_466' title='bbox 761 2399 885 2433; x_wconf 80' lang='lat' dir='ltr'><em>quum,</em></span> <span class='ocrx_word' id='word_1_467' title='bbox 923 2400 997 2436; x_wconf 81' lang='lat' dir='ltr'>qua</span> <span class='ocrx_word' id='word_1_468' title='bbox 1017 2387 1164 2424; x_wconf 79' lang='lat' dir='ltr'>ratione</span> <span class='ocrx_word' id='word_1_469' title='bbox 1184 2386 1476 2424; x_wconf 86' lang='lat' dir='ltr'>enunciationes</span> <span class='ocrx_word' id='word_1_470' title='bbox 1494 2384 1677 2433; x_wconf 85' lang='lat' dir='ltr'>copulant</span> 
     </span>
     <span class='ocr_line' id='line_1_43' title="bbox 141 2432 1680 2484; baseline -0.001 -12"><span class='ocrx_word' id='word_1_471' title='bbox 141 2432 344 2482; x_wconf 74' lang='lat' dir='ltr'>scriptores</span> <span class='ocrx_word' id='word_1_472' title='bbox 362 2435 469 2482; x_wconf 82' lang='lat' dir='ltr'>saepe</span> <span class='ocrx_word' id='word_1_473' title='bbox 490 2435 568 2484; x_wconf 86' lang='lat' dir='ltr'>post</span> <span class='ocrx_word' id='word_1_474' title='bbox 587 2435 742 2472; x_wconf 82' lang='lat' dir='ltr'>verbum</span> <span class='ocrx_word' id='word_1_475' title='bbox 763 2434 864 2472; x_wconf 75' lang='lat' dir='ltr'>finiti</span> <span class='ocrx_word' id='word_1_476' title='bbox 885 2437 1090 2484; x_wconf 87' lang='lat' dir='ltr'>temporis,</span> <span class='ocrx_word' id='word_1_477' title='bbox 1119 2436 1193 2473; x_wconf 85' lang='lat' dir='ltr'>hoc</span> <span class='ocrx_word' id='word_1_478' title='bbox 1212 2437 1343 2478; x_wconf 55' lang='lat' dir='ltr'>senfin</span> <span class='ocrx_word' id='word_1_479' title='bbox 1356 2437 1453 2473; x_wconf 76' lang='lat' dir='ltr'>dedit</span> <span class='ocrx_word' id='word_1_480' title='bbox 1465 2446 1612 2472; x_wconf 86' lang='lat' dir='ltr'>venena</span> <span class='ocrx_word' id='word_1_481' title='bbox 1624 2452 1680 2475; x_wconf 67' lang='lat'>-2</span> 
     </span>
     <span class='ocr_line' id='line_1_44' title="bbox 140 2483 1701 2536; baseline 0.003 -18"><span class='ocrx_word' id='word_1_482' title='bbox 140 2498 244 2532; x_wconf 68' lang='lat' dir='ltr'>quum</span> <span class='ocrx_word' id='word_1_483' title='bbox 263 2485 373 2522; x_wconf 80' lang='lat' dir='ltr'>amici</span> <span class='ocrx_word' id='word_1_484' title='bbox 393 2487 494 2523; x_wconf 78' lang='lat' dir='ltr'>circa</span> <span class='ocrx_word' id='word_1_485' title='bbox 511 2484 607 2522; x_wconf 81' lang='lat' dir='ltr'>illum</span> <span class='ocrx_word' id='word_1_486' title='bbox 628 2484 662 2522; x_wconf 78' lang='lat' dir='ltr'>id</span> <span class='ocrx_word' id='word_1_487' title='bbox 679 2484 948 2533; x_wconf 67' lang='lat' dir='ltr'>suspicarentur</span> <span class='ocrx_word' id='word_1_488' title='bbox 968 2486 994 2522; x_wconf 86' lang='lat' dir='ltr'>s.</span> <span class='ocrx_word' id='word_1_489' title='bbox 999 2486 1190 2536; x_wconf 62' lang='lat' dir='ltr'>[caspe-{lum</span> <span class='ocrx_word' id='word_1_490' title='bbox 1214 2487 1399 2523; x_wconf 86' lang='lat' dir='ltr'>haberent</span> <span class='ocrx_word' id='word_1_491' title='bbox 1419 2484 1528 2526; x_wconf 83' lang='lat' dir='ltr'>illum,</span> <span class='ocrx_word' id='word_1_492' title='bbox 1553 2483 1701 2523; x_wconf 79' lang='lat' dir='ltr'>sc‚Se-·</span> 
     </span>
     <span class='ocr_line' id='line_1_45' title="bbox 139 2531 1677 2583; baseline 0.001 -17"><span class='ocrx_word' id='word_1_493' title='bbox 139 2545 289 2576; x_wconf 70' lang='lat' dir='ltr'>verum,</span> <span class='ocrx_word' id='word_1_494' title='bbox 316 2547 430 2583; x_wconf 86' lang='lat' dir='ltr'>prout</span> <span class='ocrx_word' id='word_1_495' title='bbox 447 2535 494 2572; x_wconf 84' lang='lat' dir='ltr'>ad</span> <span class='ocrx_word' id='word_1_496' title='bbox 516 2548 550 2571; x_wconf 88' lang='lat' dir='ltr'>v.</span> <span class='ocrx_word' id='word_1_497' title='bbox 576 2534 633 2573; x_wconf 70' lang='grc' dir='ltr'>ὑπ.</span> <span class='ocrx_word' id='word_1_498' title='bbox 657 2534 828 2582; x_wconf 80' lang='lat' dir='ltr'>suppleas</span> <span class='ocrx_word' id='word_1_499' title='bbox 849 2535 936 2572; x_wconf 60' lang='grc' dir='ltr'><em>αὖε-δ</em></span> <span class='ocrx_word' id='word_1_500' title='bbox 956 2547 1022 2573; x_wconf 82' lang='lat' dir='ltr'>aut</span> <span class='ocrx_word' id='word_1_501' title='bbox 1041 2537 1168 2578; x_wconf 72' lang='grc' dir='ltr'><strong><em>αὐτὸν,</em></strong></span> <span class='ocrx_word' id='word_1_502' title='bbox 1196 2548 1239 2573; x_wconf 91' lang='lat' dir='ltr'>ut</span> <span class='ocrx_word' id='word_1_503' title='bbox 1260 2547 1391 2572; x_wconf 83' lang='lat' dir='ltr'>contra</span> <span class='ocrx_word' id='word_1_504' title='bbox 1412 2536 1571 2571; x_wconf 86' lang='lat' dir='ltr'>alterum</span> <span class='ocrx_word' id='word_1_505' title='bbox 1583 2531 1677 2570; x_wconf 80' lang='lat' dir='ltr'>Rsk.</span> 
     </span>
     <span class='ocr_line' id='line_1_46' title="bbox 138 2580 1678 2633; baseline -0.002 -12"><span class='ocrx_word' id='word_1_506' title='bbox 138 2582 266 2630; x_wconf 74' lang='grc' dir='ltr'><strong>Ἀλβῖν.</strong></span> <span class='ocrx_word' id='word_1_507' title='bbox 287 2597 367 2621; x_wconf 88' lang='lat' dir='ltr'>non</span> <span class='ocrx_word' id='word_1_508' title='bbox 387 2586 500 2622; x_wconf 87' lang='lat' dir='ltr'>modo</span> <span class='ocrx_word' id='word_1_509' title='bbox 520 2585 569 2621; x_wconf 87' lang='lat' dir='ltr'>est</span> <span class='ocrx_word' id='word_1_510' title='bbox 590 2584 664 2633; x_wconf 88' lang='lat' dir='ltr'>ipse</span> <span class='ocrx_word' id='word_1_511' title='bbox 688 2585 726 2620; x_wconf 80' lang='lat' dir='ltr'>P.</span> <span class='ocrx_word' id='word_1_512' title='bbox 740 2610 751 2626; x_wconf 87' lang='lat'><em>,</em></span> <span class='ocrx_word' id='word_1_513' title='bbox 785 2583 920 2621; x_wconf 83' lang='lat' dir='ltr'>diserte</span> <span class='ocrx_word' id='word_1_514' title='bbox 940 2585 1140 2622; x_wconf 85' lang='lat' dir='ltr'>ostendens</span> <span class='ocrx_word' id='word_1_515' title='bbox 1160 2598 1305 2622; x_wconf 89' lang='lat' dir='ltr'>merum</span> <span class='ocrx_word' id='word_1_516' title='bbox 1327 2598 1438 2632; x_wconf 89' lang='lat' dir='ltr'>pron.</span> <span class='ocrx_word' id='word_1_517' title='bbox 1458 2580 1678 2624; x_wconf 81' lang='lat' dir='ltr'>demonstr..</span> 
     </span>
     <span class='ocr_line' id='line_1_47' title="bbox 138 2632 1679 2683; baseline -0.001 -14"><span class='ocrx_word' id='word_1_518' title='bbox 138 2632 200 2668; x_wconf 72' lang='lat' dir='ltr'>sed</span> <span class='ocrx_word' id='word_1_519' title='bbox 222 2645 260 2670; x_wconf 87' lang='lat' dir='ltr'>et</span> <span class='ocrx_word' id='word_1_520' title='bbox 281 2634 362 2671; x_wconf 76' lang='lat' dir='ltr'>usus</span> <span class='ocrx_word' id='word_1_521' title='bbox 383 2634 588 2683; x_wconf 79' lang='lat' dir='ltr'>loquendi,</span> <span class='ocrx_word' id='word_1_522' title='bbox 626 2634 715 2670; x_wconf 87' lang='lat' dir='ltr'>dum</span> <span class='ocrx_word' id='word_1_523' title='bbox 736 2633 871 2670; x_wconf 78' lang='lat' dir='ltr'>Noster</span> <span class='ocrx_word' id='word_1_524' title='bbox 899 2646 984 2671; x_wconf 73' lang='lat' dir='ltr'>curn</span> <span class='ocrx_word' id='word_1_525' title='bbox 1017 2636 1123 2677; x_wconf 82' lang='lat' dir='ltr'>aliis.</span> <span class='ocrx_word' id='word_1_526' title='bbox 1161 2647 1229 2683; x_wconf 84' lang='lat' dir='ltr'>per</span> <span class='ocrx_word' id='word_1_527' title='bbox 1253 2634 1528 2682; x_wconf 78' lang='lat' dir='ltr'>simplicitatem</span> <span class='ocrx_word' id='word_1_528' title='bbox 1557 2642 1679 2681; x_wconf 72' lang='lat' dir='ltr'>quan-</span> 
     </span>
     <span class='ocr_line' id='line_1_48' title="bbox 138 2680 1680 2737; baseline 0.004 -19"><span class='ocrx_word' id='word_1_529' title='bbox 138 2683 221 2718; x_wconf 83' lang='lat' dir='ltr'>dam</span> <span class='ocrx_word' id='word_1_530' title='bbox 242 2694 279 2720; x_wconf 86' lang='lat' dir='ltr'>et</span> <span class='ocrx_word' id='word_1_531' title='bbox 303 2696 441 2731; x_wconf 67' lang='lat' dir='ltr'>gratam</span> <span class='ocrx_word' id='word_1_532' title='bbox 463 2682 732 2733; x_wconf 76' lang='lat' dir='ltr'>negligentiam</span> <span class='ocrx_word' id='word_1_533' title='bbox 747 2710 759 2726; x_wconf 88' lang='lat'>‚</span> <span class='ocrx_word' id='word_1_534' title='bbox 784 2683 827 2721; x_wconf 84' lang='lat' dir='ltr'>in</span> <span class='ocrx_word' id='word_1_535' title='bbox 845 2683 982 2723; x_wconf 74' lang='lat' dir='ltr'>vicinia</span> <span class='ocrx_word' id='word_1_536' title='bbox 1001 2684 1222 2735; x_wconf 71' lang='lat' dir='ltr'>frequentat</span> <span class='ocrx_word' id='word_1_537' title='bbox 1239 2696 1352 2737; x_wconf 80' lang='lat' dir='ltr'>pron·</span> <span class='ocrx_word' id='word_1_538' title='bbox 1374 2686 1479 2728; x_wconf 61' lang='grc' dir='ltr'>αὕτη</span> <span class='ocrx_word' id='word_1_539' title='bbox 1509 2680 1680 2729; x_wconf 76' lang='lat' dir='ltr'>cf.1‚15,</span> 
     </span>
     <span class='ocr_line' id='line_1_49' title="bbox 137 2732 816 2782; baseline 0.006 -16"><span class='ocrx_word' id='word_1_540' title='bbox 137 2741 194 2778; x_wconf 70' lang='grc'>3.,</span> <span class='ocrx_word' id='word_1_541' title='bbox 223 2732 284 2767; x_wconf 81' lang='lat' dir='ltr'>bic</span> <span class='ocrx_word' id='word_1_542' title='bbox 309 2734 461 2780; x_wconf 78' lang='lat' dir='ltr'>quidem</span> <span class='ocrx_word' id='word_1_543' title='bbox 489 2745 621 2782; x_wconf 78' lang='lat' dir='ltr'>quater</span> <span class='ocrx_word' id='word_1_544' title='bbox 643 2732 816 2782; x_wconf 56' lang='lat' dir='ltr'>positam.</span> 
     </span>
    </p>
   </div>
   <div class='ocr_carea' id='block_1_6' title="bbox 548 2907 569 2916">
    <p class='ocr_par' dir='ltr' id='par_1_10' title="bbox 548 2907 569 2916">
     <span class='ocr_line' id='line_1_50' title="bbox 548 2907 569 2916; baseline 0 0"><span class='ocrx_word' id='word_1_545' title='bbox 548 2907 569 2916; x_wconf 57' lang='lat' dir='ltr'><em>a</em></span> 
     </span>
    </p>
   </div>
  </div>
 </body>
</html>
