1722 3086
143 115 243 161 192
287 104 459 150 LIBER
478 103 544 148 11.
567 103 694 148 CAP.
716 104 792 150 VI.
832 107 885 150 A.
908 105 965 150 V.
992 106 1039 151 C.
1065 106 1188 162 946.
1231 109 1373 154 CHR.
1387 109 1452 156 N.
1475 122 1492 152 1
1509 121 1592 166 93.
1676 0 1694 187 ii

129 217 265 275 Θείας
319 213 706 288 ὃ0ξηίφθξῢύιῑίενος.
795 217 883 268 οἵτε
919 225 1378 283 suetudine‚comitatu
1394 226 1589 294 stipatus.
1602 193 1696 284 Si-iz

129 294 231 365 Ὑθῖξ
269 293 353 363 βίαν
390 295 467 344 aa>
491 292 511 325 s
545 293 682 365 ’,παξθὶ
709 294 881 362 ’γνώμην
923 301 1103 366 quidem
1126 305 1267 352 invito
1279 305 1454 372 populo
1476 318 1520 354 et
1528 288 1697 414 prae-f}

223 418 262 464 s)
287 425 338 453 καὶ
357 419 510 452 omiffum
526 413 704 452 'vitiose’in
722 420 785 453 Lu.
1684 420 1691 464 ξ

129 521 229 559 tium
251 521 452 559 dedustum
480 521 620 562 refert,
636 522 756 559 -nuila
775 521 925 560 senatus
941 521 1034 561 fasta
1054 524 1284 562 mentione“
1312 538 1406 574 quae
1421 526 1660 575 reprehensio
1685 523 1693 567 i

128 571 218 610 sane
248 571 350 609 cadit
369 572 420 625 *in
442 572 640 614 Nostrum,
683 573 748 620 qui
771 571 866 608 nihii
887 573 933 608 de
957 573 1087 611 senatu
1114 587 1259 617 narrat,
1295 575 1361 613 nifi
1381 589 1496 619 2512,
1514 581 1547 613 6.
1568 578 1662 626 sqq..
1685 579 1692 628 fl

130 634 218 659 cum
241 622 288 658 de
307 623 451 658 luhano
480 621 654 658 necando
676 621 868 659 consilium
891 621 989 660 iniit.
1042 626 1101 661 De
1118 624 1280 662 lechone
1300 638 1423 664 autem
1442 626 1553 664 huius
1569 627 1663 669 loci,
1682 631 1692 666 'x

127 671 246 709 etiam
273 672 334 708 Sb.
356 672 436 709 ind.
461 684 496 706 v.
519 677 559 709 τὲ
588 684 687 719 „pro
705 673 785 709 τλί.
808 678 880 716 γὲ“
910 672 1009 720 haud
1026 675 1138 711 dubie
1159 676 1205 711 de
1225 675 1457 713 correffione
1475 688 1558 713 cum
1578 678 1661 724 Sep.
1684 677 1692 729 ᾗ

129 722 324 769 cogitans,
361 735 457 770 quae
482 721 543 758 hic
560 734 640 758 non
664 720 790 758 dirimi
818 721 937 768 potest
955 724 1035 759 es).
1056 736 1094 760 et
1117 726 1200 771 Eg„
1239 736 1324 761 cum
1351 738 1528 763 neutrum
1550 737 1660 762 voca·
1685 732 1693 769 β

129 771 263 807 bulum
277 773 379 819 Srp..
407 770 539 808 Latine
564 771 770 813 redditum,
799 771 974 820 prodant,
1001 784 1042 810 ut
1060 783 1099 809 et
1117 778 1158 811 τὲ
1177 773 1262 811 Sch.
1284 775 1483 811 omittit-in
1501 786 1658 816 „neutra

126 834 242 859 rau—-
261 834 329 869 pro
347 820 452 858 subst-
467 846 478 863 ,
509 834 570 859 πλ.
588 831 650 864 τῆς
668 830 700 859 σ.’
723 822 804 870 plus
816 820 942 870 solito,
956 843 991 851 —
1011 838 1047 860 e.
1067 835 1147 864 mx„
1182 825 1264 870 plus
1281 836 1383 860 more
1396 824 1517 873 solito,
1545 822 1661 872 magis

125 883 128 888 “
155 885 234 908 uam
255 871 392 908 caeteri
412 869 684 920 consueverant,
714 872 770 908 (in
790 872 847 907 his
866 883 958 908 extr.
978 872 1059 910 fere
1077 885 1163 909 curn
1178 874 1231 916 Ρ.)
1255 872 1484 922 δ.]ὶι’ραιις“
1509 873 1662 910 dux=hic

121 939 123 941 ·
162 933 195 971 g.
218 922 375 969 partim,
412 932 487 969 quo
509 921 547 958 in
569 934 604 957 v.
625 925 654 958 δ.
675 920 788 958 etiam
811 923 873 958 Sb.
899 921 980 959 Ind.
1002 922 1232 964 ereomittit,
1260 936 1343 961 non
1364 923 1456 960 item
1472 927 1551 972 Stp.
1568 922 1659 965 Th..

125 984 152 1007 e
175 973 213 1007 Ρ.
234 984 408 1014 verrens,
447 971 512 1020 qui
533 983 619 1008 cum
638 973 763 1020 Bgu‘y}
785 971 978 1008 interdum
997 978 1075 1008 non'
1097 972 1234 1014 reddit,
1256 984 1300 1010 ut
1320 973 1661 1023 speciemaiiquam

127 1023 265 1071 habeat
283 1023 365 1068 Stp.
390 1021 628 1063 coniectura,
661 1033 745 1057 curn
770 1032 809 1058 et
827 1021 932 1068 saepe
953 1021 1135 1058 confusae
1153 1020 1224 1057 {int
1244 1024 1402 1060 voculae
1422 1021 1527 1065 istae;
1553 1035 1596 1061 ut
1609 1033 1662 1060 ta-

126 1084 219 1108 men
249 1072 418 1108 nondum
440 1070 640 1107 dimiserim
662 1073 761 1120 vulg.
781 1078 842 1111 τὲ,
876 1084 947 1115 pro
967 1072 1092 1120 idque,
1129 1071 1228 1108 fatto
1254 1083 1441 1110 commate
1468 1070 1547 1121 post
1568 1076 1661 1114 aisn..
1707 1116 1711 1118 .

120 1121 170 1160 a'n
207 1120 359 1169 primis,
393 1134 477 1157 cum
500 1121 714 1158 Mssa-new
732 1129 790 1160 τὶ,
826 1120 883 1166 (in
914 1132 991 1168 quo
1024 1121 1208 1157 inversum
1239 1132 1437 1159 accentum
1460 1122 1660 1160 habuimus

127 1172 202 1212 iam
224 1171 349 1219 supra,
385 1183 424 1208 et
442 1169 611 1208 confufio
632 1183 716 1206 cum
736 1176 777 1207 τὲ
798 1170 924 1218 potuit
945 1170 1134 1211 incidisse,
1163 1170 1209 1207 cf.
1227 1184 1261 1209 2,
1285 1184 1318 1217 5,
1340 1181 1372 1213 8.
1386 1173 1437 1219 e.)
1457 1171 1661 1221 persequi·

126 1225 213 1262 dem
239 1221 407 1260 noverim
422 1247 432 1262 ‚
473 1222 516 1257 cf.
545 1233 574 1262 1,
589 1234 624 1267 4,
649 1231 679 1264 5.
702 1232 785 1257 cum
806 1222 901 1256 Xen.
926 1220 1002 1257 Pol.
1021 1221 1063 1257 Z.
1084 1220 1131 1256 de
1148 1222 1243 1257 Ven.
1260 1233 1315 1264 12,
1334 1234 1440 1267 4.e.,
1465 1234 1546 1258 non
1565 1221 1658 1258 item

123 1274 168 1312 in
189 1272 354 1312 rekiione
375 1285 459 1308 cum
480 1283 588 1321 gen..
628 1281 740 1318 quam
763 1270 802 1306 in
823 1270 902 1306 solo
920 1280 1003 1311 ora..
1029 1281 1179 1306 tacente
1197 1271 1276 1318 Stp.
1300 1271 1411 1313 Th..
1426 1285 1462 1308 v.
1475 1282 1657 1319 cumgen.

126 1322 183 1361 rei
204 1337 261 1368 ap.
282 1324 377 1359 Xen.
399 1320 480 1359 Ind.
502 1322 598 1358 laud.
626 1320 666 1357 it.
685 1333 742 1367 ap.
758 1321 900 1357 Abx-‚ad
912 1322 980 1356 Ae.
1006 1332 1039 1361 1,
1059 1328 1181 1365 511.e.
1212 1320 1274 1357 sed
1286 1327 1378 1358 'cum
1393 1332 1479 1370 gen.
1502 1317 1594 1368 pefs.
1610 1321 1655 1364 R.

127 1376 196 1412 Or.
218 1376 261 1408 V.
282 1382 311 1414 s.
339 1374 433 1409 Xen.
453 1373 540 1418 Cyr.
554 1372 596 1407 Z.
612 1368 676 1407 ubi
697 1382 735 1407 et
750 1370 796 1407 de
810 1368 1189 1417 subst.evv.peculiari
1202 1369 1320 1412 sensu,
1350 1382 1393 1408 ut
1405 1384 1461 1420 ap.
1474 1371 1575 1408 Polb.
1594 1369 1658 1408 sed
1685 1372 1722 1419 (ὲ4

104 1422 267 1473 .vulgari
282 1448 292 1465 ,
322 1432 469 1470 praeter
489 1422 528 1457 L.
549 1422 598 1458 N.
622 1421 670 1456 T.
685 1444 696 1462 ‚
722 1432 778 1469 ap.
802 1420 914 1457 Dem.
934 1422 1027 1457 Luc.
1047 1419 1164 1456 Dion.
1189 1421 1237 1456 H.
1258 1421 1297 1457 S.
1319 1422 1366 1458 T.
1382 1433 1413 1457 ι.
1432 1419 1600 1465 Diod-S.
1617 1430 1659 1458 et
1683 1420 1722 1465 Η

126 1475 191 1511 Fa.
216 1472 321 1515 Aes.,
357 1485 436 1508 non
464 1484 524 1507 me
546 1470 859 1518 deprehendente
888 1468 1088 1506 formulam
1109 1469 1262 1512 Nostri,
1298 1482 1341 1507 ex
1369 1471 1511 1520 analog.
1541 1472 1656 1507 modo
1683 1469 1722 1517 jd

126 1523 261 1561 fastam
275 1547 285 1563 ‚
313 1522 376 1559 ubi
400 1525 462 1570 ng.
482 1522 527 1558 ad
547 1520 689 1558 sensum
703 1544 714 1562 ,
748 1520 884 1567 partim
902 1532 923 1555 e
944 1520 984 1556 Ρ.
998 1545 1009 1561 ,
1042 1531 1190 1556 mutans
1210 1520 1292 1556 adv.
1312 1521 1439 1569 (quale
1457 1521 1509 1558 est
1524 1521 1596 1557 adi.
1615 1535 1656 1557 π.
1684 1519 1694 1562 ‘0'
1711 1521 1722 1556 .i

127 1572 259 1610 omiffo
281 1577 391 1611 κατὰ,
428 1571 490 1607 ubi
515 1582 556 1608 et
578 1570 735 1619 suppieo
756 1569 864 1606 subst.
887 1575 1005 1615 μέρος,
1048 1567 1097 1604 cf.
1119 1570 1159 1606 L.
1182 1569 1263 1606 Bos.
1284 1571 1353 1607 En.
1374 1583 1410 1620 p.
1434 1582 1515 1616 ¹95·
1536 1573 1587 1612 e.)
1617 1570 1658 1606 in
1683 1564 1694 1618 i
1718 1575 1722 1600 ¹

124 1624 237 1660 affine
255 1621 326 1658 adi.
342 1648 353 1664 ‚
390 1621 451 1660 sed
472 1632 559 1669 gen.
581 1619 826 1668 comparativi
848 1618 887 1654 in
910 1618 1124 1665 particulam
1142 1630 1216 1655 una
1236 1631 1321 1656 cum
1340 1632 1464 1668 praep.
1478 1632 1517 1658 et
1535 1618 1658 1660 subst.,
1683 1624 1692 1673 ς
1717 1650 1722 1653 .

123 1686 165 1711 et
188 1674 294 1710 suum
316 1672 386 1708 adi.
409 1670 515 1707 simul
535 1671 844 1712 accommodans,
883 1668 1008 1714 quoad
1037 1668 1179 1708 casum.
1217 1670 1261 1706 ad
1282 1682 1340 1710 v.‚
1376 1670 1565 1706 redditum
1586 1680 1653 1716 per
1683 1680 1693 1714 ,α

121 1722 271 1773 phrasin
285 1749 294 1764 ,
331 1734 399 1769 pro
421 1721 556 1769 quibus
576 1718 738 1756 vicinior
757 1718 800 1755 fit
818 1717 913 1754 ratio
935 1718 1040 1759 Sch.,
1066 1720 1144 1766 plus
1163 1718 1276 1754 solito
1296 1718 1653 1769 militibus-stipatus,
1683 1719 1691 1754 i

120 1773 185 1811 ubi
207 1784 333 1809 tamen
355 1783 394 1807 et
416 1770 480 1819 ipsi
498 1769 709 1806 assumimus
732 1768 837 1805 subst.
864 1768 908 1803 ad
926 1780 986 1810 v.‚
1025 1780 1102 1816 quo
1132 1769 1178 1804 de
1208 1767 1291 1815 paff.
1310 1781 1344 1806 v.
1366 1768 1457 1813 Bud.
1476 1770 1520 1806 C.
1546 1778 1652 1814 1035,
1684 1778 1692 1811 a

121 1836 181 1861 22.
210 1824 351 1858 D’Orv.
375 1821 444 1857 Ch.
470 1834 503 1867 p.
519 1832 636 1856 rum.
661 1830 746 1866 455.
773 1831 822 1854 m.
848 1818 937 1856 Luc.
963 1827 996 1863 3,
1017 1827 1099 1864 340·
1121 1818 1168 1854 N.
1189 1829 1242 1865 34.
1267 1830 1351 1854 cum
1371 1818 1463 1855 Bari.
1486 1818 1587 1854 Tim.
1610 1829 1648 1864 p.
1684 1831 1693 1850 s

123 1885 208 1920 140.
231 1872 255 1908 i.
277 1871 358 1907 lnd.
378 1872 440 1907 Sb.
464 1883 503 1907 et
519 1871 649 1913 Dem.,
681 1880 718 1905 at
736 1870 776 1905 in
798 1880 873 1904 rem
896 1867 1009 1915 ipsam
1030 1867 1140 1917 Angl.
1163 1880 1220 1916 ap.
1235 1868 1428 1917 Heyn.H.
1449 1881 1483 1914 4,
1501 1877 1651 1914 ¹033.e.
1684 1878 1693 1904 ι
1719 1893 1722 1904 .

117 1937 169 1961 an
192 1924 259 1957 der
279 1921 376 1957 Zalyl
401 1933 546 1961 10‚000.
1684 1923 1687 1936 ·’

171 1975 256 2018 ατε)
283 1973 393 2007 Hanc
421 1970 640 2017 particulam
671 1981 756 2005 cum
779 1974 851 2016 »γᾶς
871 1970 936 2015 Bg.
964 1978 1004 2005 et
1021 1967 1062 2004 P.
1095 1979 1168 2004 una
1200 1968 1278 2003 Lat.
1310 1965 1475 2003 reddunt
1503 1964 1650 2008 causali.
1684 1961 1722 2002 i<

115 2036 201 2062 non
221 2032 462 2068 reputantes,
500 2019 564 2058 ἅτε
578 2046 588 2061 ,
616 2030 660 2055 ut
681 2019 758 2066 syn.
778 2024 819 2061 ὡς
838 2031 925 2054 mox
947 2029 1013 2065 per
1032 2016 1250 2054 varietatem
1263 2042 1273 2058 ‚
1303 2016 1491 2063 pertinere
1509 2015 1553 2051 ad
1570 2027 1651 2063 par·
1683 2025 1722 2050 est

116 2074 229 2120 ticip.
252 2072 346 2114 rehum⁴
365 2095 375 2110 ,
413 2081 478 2106 aut
494 2070 620 2106 saltem
644 2068 866 2106 omittentes
886 2080 981 2110 eam,
1006 2067 1052 2103 de
1069 2080 1172 2103 more
1194 2065 1445 2114 quorundam,
1473 2077 1557 2102 cum
1579 2070 1651 2111 γὰρ
1683 2079 1693 2111 1·
1715 2078 1722 2104 ,ς

116 2123 322 2161 cohaereat
342 2132 427 2156 cum
449 2119 601 2156 membri
625 2118 674 2166 sq.
701 2117 810 2155 finito
834 2131 868 2153 ν.
889 2122 935 2155 ἐὸ.
984 2119 1035 2153 At
1056 2115 1094 2152 in
1113 2120 1162 2164 iq.
1183 2115 1345 2152 formula
1366 2130 1403 2152 or.
1426 2130 1477 2160 γν.
1499 2116 1561 2164 Bg.
1583 2114 1650 2150 ali·
1685 2115 1694 2148 i
1720 2127 1722 2141 :

117 2185 198 2214 ter,
228 2183 340 2220 quarn
372 2182 401 2212 ι,
425 2178 482 2214 13,
510 2181 560 2205 ιο.
582 2181 654 2208 m..
681 2168 741 2205 sed
756 2169 890 2205 eodem
904 2178 1028 2203 tamen
1051 2165 1168 2206 sensU,
1197 2163 1508 2213 partimqueeP.‚
1538 2175 1647 2210 pron.
1684 2175 1693 2215 ⁷¹,
1720 2186 1722 2192 .

116 2224 229 2263 αὐτοῦ
251 2219 473 2256 substituens
494 2217 559 2265 ipsi
577 2218 683 2254 subst.
702 2234 734 2255 τ.
756 2222 808 2259 δ.,
840 2216 943 2264 quod
964 2217 1182 2263 copulatum
1201 2216 1319 2251 statim
1337 2226 1420 2251 cum
1433 2215 1496 2250 dat
1519 2219 1542 2258 β
1567 2212 1648 2249 red-
1683 2230 1687 2240 .

117 2273 176 2311 dit
192 2272 241 2309 de
264 2282 367 2306 more
387 2281 427 2304 ac
453 2267 716 2316 praeceptione
733 2266 893 2304 aliorum
907 2290 917 2307 ‚
948 2278 990 2302 ut
1007 2272 1040 2312 β.
1063 2265 1135 2300 dat.
1157 2277 1240 2301 cum
1265 2276 1348 2313 gen.
1369 2263 1459 2311 pers.
1480 2274 1646 2300 mutetur
1684 2274 1691 2295 ι

114 2323 160 2361 in
181 2321 255 2357 adi.
278 2321 357 2355 Lat.
383 2319 543 2358 invitus,
586 2331 643 2365 ap.
667 2318 715 2354 G.
739 2317 812 2352 Th.
835 2328 920 2352 cum
939 2316 1004 2352 Gr.
1023 2315 1090 2355 aL,
1131 2314 1191 2351 sed
1213 2326 1339 2351 tamen
1368 2312 1464 2360 „qui
1486 2323 1550 2358 per
1568 2314 1646 2347 vim
1683 2322 1694 2345 ss
1721 2327 1722 2330 ¹

115 2369 267 2419 aiiquid
288 2368 395 2410 facit,
414 2389 450 2397 -
473 2378 603 2404 contra
628 2368 895 2403 voluntatem«
923 2379 956 2402 v.
979 2367 1058 2411 Stp.
1082 2365 1154 2400 Th.
1175 2364 1346 2404 aliunde,
1373 2363 1420 2399 N.
1441 2361 1485 2397 ad
1500 2362 1584 2410 Vig.
1606 2373 1642 2408 p.
1684 2376 1694 2415 q

117 2431 179 2469 83.
201 2433 232 2455 a.
246 2432 278 2456 e.
304 2417 394 2454 Poff.
414 2417 506 2453 Cau.
527 2430 562 2465 p.
579 2427 659 2464 305.
681 2416 702 2452 i.
735 2415 814 2453 Ind.
839 2417 932 2451 Xen.
956 2415 1054 2451 Mor.
1073 2413 1164 2459 Ἀνβ.
1194 2423 1233 2449 et
1252 2411 1352 2450 Heu.
1375 2412 1415 2448 R.
1437 2413 1502 2447 Or.
1537 2412 1581 2447 V.
1607 2412 1643 2447 6.
1684 2427 1695 2446 «ι

115 2471 242 2508 Thuc.
263 2480 346 2505 cum
374 2471 457 2502 Bau.
478 2467 544 2502 Or.
564 2479 602 2502 et
630 2467 714 2502 Abr.
735 2466 795 2502 Di.
818 2465 920 2502 Αυὲὶ.
943 2477 975 2511 p.
994 2477 1074 2500 222.
1090 2488 1101 2505 ,
1141 2462 1205 2510 qui
1229 2475 1294 2509 per
1315 2461 1347 2498 {e
1370 2462 1466 2497 bene
1491 2466 1554 2506 ”ss-
1576 2472 1644 2496 ex-

116 2530 238 2572 ponas
262 2528 327 2564 per
344 2521 439 2561 παρὰ
456 2523 517 2558 τὴν
546 2522 735 2562 ponne-rw
762 2527 831 2550 nec
853 2526 979 2552 tamen
1007 2513 1285 2549 accommodate
1309 2511 1353 2546 ad
1379 2511 1481 2547 hunc
1503 2510 1642 2551 iocum,
1667 2510 1696 2550 'f

118 2570 185 2607 ubi
208 2566 342 2604 Noster
366 2580 428 2612 per
447 2565 593 2612 copiam
608 2578 646 2602 et
664 2564 875 2613 explicandi
899 2563 1014 2612 gratia
1036 2562 1140 2599 addit
1162 2562 1242 2610 syn.
1264 2560 1462 2596 formulam
1477 2559 1568 2595 alius
1580 2570 1643 2607 ge·
1684 2576 1692 2588 ι
1718 2576 1722 2590 1

117 2618 219 2657 neris
241 2629 306 2659 per
333 2627 457 2661 praep.
479 2628 560 2651 cum
581 2615 707 2654 subst..
745 2614 930 2651 utetiam
961 2625 1007 2650 ex
1035 2612 1106 2647 illis
1130 2614 1195 2648 Gs.
1225 2621 1370 2658 pateat,
1404 2609 1466 2658 qui
1493 2608 1643 2645 subiicit
1683 2616 1691 2643 i

118 2668 292 2715 copulata
313 2664 434 2701 affinia
465 2664 606 2704 „inviti
631 2676 696 2713 per
714 2665 788 2700 vim
807 2676 921 2709 atque
940 2663 1126 2710 imperium
1147 2661 1278 2697 statuas
1297 2659 1494 2699 dederunt,
1511 2679 1551 2686 —
1577 2670 1643 2694 ex·
1684 2674 1692 2682 ·

118 2716 353 2765 torquendum
385 2714 431 2764 est
453 2716 574 2751 invito
600 2713 925 2762 atque-ingratiis,
951 2714 1045 2760 quod
1062 2725 1129 2748 non
1149 2711 1280 2746 deben‘
1306 2707 1408 2746 unde
1425 2717 1464 2745 et
1482 2707 1583 2746 forte
1600 2706 1642 2743 P.
1684 2707 1694 2738 ι’

118 2764 298 2807 severitas
319 2768 492 2802 nondum
513 2764 713 2803 deserenda
734 2763 804 2807 est,
839 2760 905 2800 ubi
922 2766 956 2808 β.
976 2773 1042 2810 per
1061 2759 1098 2798 se
1117 2759 1200 2798 stet.
