1722 3086
202 49 303 94 126
345 50 584 105 LIBERH.
618 49 810 98 CARV.
843 51 897 98 A.
919 51 976 98 V.
997 51 1046 96 C.
1075 50 1198 107 946.
1233 52 1374 100 CHR.
1393 56 1458 102 N.
1488 67 1602 113 193.

191 163 308 233 μόνοι
330 167 364 214 οἱ
386 160 628 234 δοξυφόξοι,
664 163 926 226 ἀσχάλλων·
961 186 1136 218 manarn
1151 207 1162 227 ,
1194 171 1268 218 soli
1291 176 1559 237 praetoriani
1574 177 1691 224 fmili-

190 262 262 296 τες
286 254 297 275 ῑ
319 240 391 306 μὲν
412 240 486 290 ἐπὶ
508 247 596 304 τρῖς
617 236 825 311 stagnum,
850 262 928 290 ’πο-
961 256 1040 304 tes,
1064 245 1216 295 offensi
1229 249 1436 312 praesenti
1449 268 1597 298 rerum
1613 251 1692 298 sta-

189 317 370 373 θοῦντες
391 311 440 367 δὲ
470 316 555 371 τοὶς
579 319 651 368 ἐπὶ
675 319 749 374 τῆς
768 337 928 385 πξογε-
962 333 1034 380 tu,
1073 341 1120 369 ac
1143 322 1425 372 desiderantes
1457 327 1690 392 superioris

191 391 391 459 νρμένηςῑῑ
427 388 674 463 τυξοιννίὸος
698 391 924 461 οἱςποιγαὶς
959 399 1200 462 tyrannidis
1259 403 1434 465 rapinas
1498 416 1541 450 et
1599 406 1690 451 vio-

188 489 240 531 frs
272 468 350 519 καὶ
385 466 513 530 βίοις,
564 467 604 517 ἕν
636 488 684 517 τε
707 470 924 523 ἀσωτίαις
966 488 1010 524 2.
1050 476 1205 523 lentias
1229 478 1275 522 in
1295 477 1400 524 luxu
1423 488 1466 525 et
1487 479 1690 545 crapula3

277 602 304 638 t)
327 601 495 639 ἆσχιίλσντ.
517 601 558 632 Α.
577 597 620 630 al.
646 597 692 630 cf.
712 605 743 635 1,
768 606 821 639 17,
841 608 872 632 1.
890 601 914 632 i.
981 603 1017 638 u)
1041 601 1090 634 Μ.
1109 601 1166 633 Ba.
1182 605 1434 646 προγεγενημένης
1456 614 1490 637 v.
1508 604 1556 639 N.

185 709 281 749 dens
301 707 339 745 in
358 710 463 753 εὗμ.,,
478 702 542 743 ubi
557 707 618 755 Bg.
637 704 740 744 addit
758 717 840 754 gen.
859 704 904 742 ad
921 705 1222 754 perspicuitatem
1235 733 1245 750 ,
1270 707 1315 744 cf.
1340 721 1372 751 1,
1397 721 1452 754 17,
1473 723 1531 755 27.
1544 736 1556 754 ,
1579 711 1622 748 ut
1639 723 1689 748 ne

186 758 233 801 ad
260 756 492 795 PertinaCem
520 755 648 792 referri
678 755 804 804 possit,
846 768 919 803 quo
952 755 1104 792 consilio
1133 767 1171 793 et
1196 756 1364 806 adiungit
1389 759 1461 796 adi.
1486 760 1528 796 in
1554 758 1612 798 τᾶν
1638 768 1688 808 β..

184 808 288 857 ,Quod
305 808 388 844 sane
409 819 492 843 cum
511 805 635 856 Leisn.
657 805 697 842 in
716 807 839 854 Progr.
866 805 1111 852 capiendum,
1147 815 1190 842 u‘t
1214 807 1292 842 Lat.
1312 807 1393 843 vita
1407 831 1419 849 ,
1442 821 1508 856 pro
1528 809 1691 846 viventi-

185 859 253 899 bus
275 869 313 894 et
332 858 370 894 in
389 857 467 893 vita
489 854 718 898 constitutis,
743 854 916 891 abstraxero
937 866 1003 901 pro
1025 867 1223 898 concreto,
1248 866 1358 903 atque
1377 856 1470 894 adeo
1488 870 1556 905 pro
1567 858 1689 895 homi-

181 909 295 947 nibus
319 920 357 944 et
376 909 509 955 'genere
526 905 712 947 humano,
745 903 793 939 cf.
814 904 894 951 Stp.
915 904 987 940 Th.
1013 917 1141 950 1‚735.
1163 907 1270 941 G.m.
1294 905 1371 942 Cas.
1387 907 1429 944 ad
1451 907 1540 944 Ath.
1559 919 1689 954 2‚954.

183 952 228 996 it.
252 956 294 993 ad
313 957 402 993 Luc.
426 969 459 997 2,
481 963 560 998 788.
581 954 630 990 N.
646 966 697 989 12.
716 954 778 991 sed
796 966 838 990 ut
857 954 891 988 h.
911 954 956 996 l.‚
990 955 1040 990 ob
1059 953 1137 1002 sqq.
1158 954 1327 991 homines
1344 956 1482 1003 Bogud»,
1513 956 1688 1005 supplen-

183 1007 274 1045 dum
292 1006 402 1043 etiam
421 1003 464 1041 lit
480 1003 551 1039 adi.
574 1002 688 1041 λοιπὸν
709 1003 731 1039 s.
753 998 874 1044 ἕλλεν,
899 1013 938 1039 et
955 1016 1022 1050 per
1041 1003 1284 1040 variationem
1305 1003 1550 1051 respiciantur
1562 1018 1688 1052 2,‚4,7.

182 1062 217 1104 φὶ
232 1055 327 1093 ἄλλοι
345 1054 533 1102 ἅνθρωποι,
566 1054 665 1089 unde
686 1052 873 1100 tropicum
893 1065 927 1087 v.
949 1070 1028 1090 κατ.
1047 1052 1182 1094 fuerit,
1215 1065 1299 1089 cum
1316 1053 1499 1092 felicitate
1519 1055 1688 1092 frueren-

182 1117 247 1148 tur
266 1106 439 1141 homines
464 1101 619 1150 reliqui;
658 1101 719 1139 ubi
750 1101 915 1138 severum
936 1103 985 1138 est
1001 1102 1080 1138 Lat.
1108 1104 1265 1138 obtinere
1288 1115 1329 1138 ac
1352 1104 1515 1141 nostrum
1546 1105 1688 1141 beherr.

174 1153 297 1204 seben.
333 1152 419 1194 ,sed
434 1152 485 1205 ⁴ad
506 1153 578 1189 Ms.
597 1153 662 1201 Bg.
681 1150 872 1199 scripserat
890 1150 1013 1189 Leisn.
1032 1152 1078 1189 ad
1097 1153 1219 1188 decore
1245 1151 1301 1193 ‚‚f.
1322 1152 1611 1190 moderatione«
1637 1151 1688 1193 cf.

179 1216 203 1242 2
319 1233 328 1243 .
349 1217 380 1239 e.

187 1215 315 1306 ’,ἱ-ὀξ
328 1256 412 1299 δορ.)
440 1254 555 1302 Supra
578 1253 630 1297 (2,
653 1263 690 1296 4,
716 1249 765 1294 8.)
787 1249 952 1298 pluribus
972 1250 1116 1293 verbis,
1147 1248 1240 1296 μόνοι
1263 1257 1292 1289 οἱ
1309 1256 1339 1289 ἐν
1362 1247 1523 1299 τῇῬῶμῃ
1544 1260 1685 1298 equa-1023-

179 1319 235 1346 τοις
250 1329 260 1345 ,
291 1305 318 1340 o'i
341 1298 686 1349 ὃσςυφορεῖνεῖᾦὲασι
704 1300 781 1341 rotie
801 1306 974 1345 βασιλέας.
1002 1302 1102 1338 unde
1122 1300 1351 1337 occafionem
1379 1301 1503 1338 sumlit
1522 1302 1600 1337 Pol.
1626 1302 1687 1341 iuv-

178 1354 409 1399 terpretgndi
433 1349 657 1398 δορυφόρους,
690 1350 940 1397 praetorianos
958 1351 1099 1386 milites.
1153 1350 1313 1386 Perinde
1342 1349 1393 1386 est
1417 1362 1540 1388 autem
1556 1376 1567 1393 ,
1599 1363 1641 1387 ac
1658 1346 1686 1388 fi

177 1402 391 1485 diceretur,
426 1402 529 1443 Soli,
563 1401 737 1449 inquam,
780 1397 835 1435 illi
858 1398 1024 1442 *militem
1061 1399 1126 1446 qui
1157 1399 1356 1447 satellitum
1377 1399 1502 1437 officio
1522 1400 1686 1450 fungun-

175 1463 249 1490 tur.
277 1451 336 1488 Ωιὲ
361 1453 393 1487 h.
586 1459 589 1461 ·
1677 1486 1680 1488 ,

277 1463 403 1538 Vafiat
420 1499 534 1537 modo
552 1499 686 1538 Noster
707 1498 842 1536 iterum
866 1510 948 1537 cum
969 1497 1037 1534 illo
1058 1498 1164 1541 loco,
1200 1497 1260 1535 hic
1290 1497 1438 1534 brevius
1455 1497 1686 1545 eloquendo.

177 1550 248 1588 hec
267 1551 466 1587 co‘mmode
487 1563 550 1596 per
568 1550 660 1586 illud
679 1561 711 1583 v.
732 1549 875 1596 inquam
896 1548 1004 1585 rediri
1026 1547 1146 1596 potest
1168 1548 1277 1589 illuc,
1310 1546 1407 1596 quali
1428 1547 1460 1597 §.
1483 1547 1515 1594 §.
1538 1559 1596 1585 tot
1619 1559 1684 1594 per

175 1599 412 1651 parenthesin
438 1597 653 1635 interieEtae
680 1598 768 1638 lint,
799 1599 893 1634 clam
920 1597 1141 1645 respiciente
1168 1599 1246 1643 Srp.
1275 1598 1319 1633 ad
1347 1598 1389 1633 P.
1424 1597 1517 1647 „fhli
1542 1595 1683 1634 scilicet

171 1654 291 1702 praet.
310 1651 412 1689 milf‘
442 1649 544 1696 quod
565 1648 645 1684 adv.
664 1647 727 1682 ille
746 1647 861 1684 libere
880 1646 1002 1689 addit,
1032 1659 1109 1683 non
1130 1657 1174 1682 ur
1195 1645 1235 1688 δὲ
1254 1655 1342 1682 ante
1359 1652 1390 1683 οἱ
1409 1645 1610 1688 exciderit,
1643 1646 1684 1682 in

174 1697 267 1746 μένοι
286 1699 379 1736 nihil
401 1698 459 1734 hic
478 1709 643 1734 novante
661 1697 733 1731 Ms.
749 1722 759 1739 ,
787 1697 833 1732 cf.
857 1710 890 1737 2,
911 1711 947 1741 4,
971 1704 1003 1736 8.
1021 1696 1047 1732 i.
1061 1719 1072 1737 ,
1103 1695 1164 1732 sed
1184 1696 1236 1742 ng
1270 1709 1290 1730 e
1306 1695 1343 1731 P.
1363 1695 1403 1731 in
1426 1699 1493 1742 δας.
1509 1695 1684 1731 haurien-

175 1760 238 1795 te,
267 1761 304 1785 at
331 1749 369 1784 in
384 1753 456 1790 ταῖς
481 1762 559 1793 παρ.
586 1745 720 1792 partim
741 1758 761 1780 e
779 1747 860 1791 Stp.
883 1758 952 1787 m.,
989 1744 1036 1781 cf.
1062 1758 1093 1786 1,
1112 1755 1145 1790 3,
1172 1754 1223 1790 ¹3·
1253 1744 1313 1780 sed
1333 1744 1419 1779 Sch.
1438 1744 1516 1781 fere
1534 1756 1618 1781 cum
1640 1745 1681 1780 P.

172 1794 324 1844 [ndo-x.
354 1809 494 1846 „aegro
516 1795 640 1833 animo
656 1795 853 1831 ferentes“
877 1807 945 1841 pro
968 1807 1038 1842 qua
1058 1792 1173 1841 phrasi
1188 1805 1225 1829 ec
1237 1795 1298 1841 Bg.
1318 1792 1423 1840 paffi,
1447 1805 1517 1829 nec
1528 1805 1584 1841 ap.
1599 1794 1680 1839 Stp.

171 1848 435 1895 Th.-repert0,
470 1843 627 1881 vicinius
646 1854 744 1887 crat,
777 1843 889 1880 etiam
911 1856 928 1880 a
949 1856 1097 1893 praep„
1123 1843 1277 1879 dolentes
1296 1843 1448 1890 quidem
1466 1843 1532 1885 de,
1565 1841 1614 1879 cf.
1633 1843 1683 1880 G.

173 1897 249 1936 Th.
274 1911 290 1934 2
328 1911 357 1938 ·,
386 1910 394 1932 ι
428 1923 436 1932 .

189 1949 191 1952 ’
218 1953 282 1990 τὰς
300 1909 353 1986 {vi}
374 1910 501 1994 2979.)
523 1944 596 1980 Ms.
615 1955 672 1979 res
693 1957 713 1980 e
735 1943 844 1992 gloss'a
861 1941 975 1980 fuerit
992 1941 1143 1989 potius,
1178 1952 1286 1991 quam
1315 1951 1437 1977 errore
1463 1939 1504 1977 in
1531 1939 1682 1984 litteris,

170 1998 214 2037 in
237 1996 330 2045 perf.
352 2008 419 2042 pro
444 2008 514 2030 aor.
533 2006 585 2035 2.,
620 1992 782 2030 ducente
804 1996 866 2040 Eg.
887 1991 1017 2039 partim
1041 2006 1061 2028 e
1083 1992 1166 2029 sch.
1194 2005 1280 2036 mre.
1309 1989 1516 2037 tyrannidis
1538 1998 1682 2038 praece.

169 2047 310 2087 dentis‚
347 2046 372 2082 s.
384 2043 607 2092 superior-iffi
635 2043 697 2090 qui
716 2042 814 2078 hunc
832 2043 959 2077 locum
987 2042 1024 2077 in
1044 2053 1078 2076 ν.
1097 2056 1173 2086 τυξ.
1193 2040 1395 2076 subiecerat
1413 2037 1467 2074 illi
1480 2052 1559 2084 2,4‚
1578 2051 1629 2085 ¹4-
1643 2038 1653 2075 i
1668 2063 1681 2082 ,

170 2095 236 2141 ubi
254 2098 316 2144 ssg.
335 2093 494 2130 severior
511 2092 551 2128 in
572 2104 712 2138 praep„
749 2103 842 2137 quae
870 2090 1022 2137 proprie
1048 2089 1205 2136 requirit
1233 2086 1377 2134 ellipsin
1410 2088 1600 2134 particip„
1635 2093 1681 2126 u't

168 2141 294 2189 οὔσας»
329 2149 528 2189 Ύενεμένας,
568 2142 607 2176 in
628 2153 660 2176 v.
681 2156 737 2186 πρ.
757 2142 836 2187 Stp.
861 2141 932 2175 Th.
954 2139 1106 2174 aliunde
1135 2147 1289 2173 tenente
1310 2139 1374 2184 Bg.
1394 2136 1488 2180 adi„
1514 2137 1604 2173 dum
1624 2150 1680 2173 re-

169 2194 281 2246 spicit
300 2194 430 2231 Noster
451 2194 494 2229 ad
521 2202 555 2230 2,
577 2202 609 2229 2,
631 2201 664 2233 9·

213 2242 254 2284 ἓν
273 2247 327 2288 τε)
357 2241 435 2279 Post
455 2255 569 2286 κραιπ.
590 2237 783 2275 dcfiderari
811 2237 958 2274 videtur
978 2232 1195 2279 ἕκδιαιτῆσεις
1209 2261 1219 2277 ,
1256 2246 1321 2272 aut
1341 2234 1457 2272 fimile
1475 2235 1678 2284 quodpiam

167 2291 403 2334 vocabulum.
449 2292 519 2327 Vel
540 2302 592 2337 pr.
616 2303 657 2338 τς
673 2286 841 2333 usurpata
861 2285 910 2322 est
930 2299 996 2333 pro
1022 2285 1077 2328 xm?
1098 2288 1229 2328 τκῦτοι,
1256 2287 1369 2332 idque.
1423 2285 1501 2321 Pol.
1523 2285 1559 2321 id
1578 2297 1679 2322 com-

167 2355 228 2384 ma
249 2356 332 2381 cum
349 2341 398 2389 sq.
424 2341 653 2386 coniungere
673 2337 809 2373 maluit.
837 2337 927 2382 Syll).
981 2335 1061 2371 Post
1081 2350 1131 2376 κρ.
1151 2333 1250 2371 deest
1274 2337 1450 2379 διάτριβὲς
1469 2335 1528 2370 vel
1554 2337 1678 2379 διαγω-

168 2400 246 2441 γάς.
293 2391 369 2429 Nili
399 2389 422 2426 fi
453 2389 542 2438 quid
571 2386 728 2432 amplius
748 2385 866 2421 adhuc
885 2384 992 2421 deest.
1020 2383 1136 2419 Reisk.
1190 2385 1271 2431 Stp.
1293 2387 1323 2420 ἐν
1340 2384 1397 2422 a'e.
1416 2399 1446 2419 κ.
1465 2397 1516 2428 κς.
1539 2383 1584 2419 ad
1607 2383 1677 2431 sq..

166 2444 230 2483 sed
250 2445 312 2487 Be.
338 2439 381 2476 ad
403 2437 569 2487 praeced.
590 2436 713 2472 refert.
765 2435 821 2470 Ad
842 2447 889 2469 m.
912 2435 963 2469 Μ.
987 2435 1050 2481 ssg.
1079 2434 1195 2468 Leisn.

202 2524 204 2527 .
259 2485 335 2529 mis
365 2485 694 2525 emendationibus
726 2497 766 2519 ac
793 2483 1062 2530 supplementis
1084 2494 1164 2518 non
1181 2482 1230 2518 est
1251 2491 1366 2529 opus,
1402 2493 1445 2518 ut
1462 2493 1533 2517 nec
1549 2486 1589 2518 τὲ
1608 2480 1676 2516 illo
1720 2510 1722 2515 .

164 2538 291 2582 sensu,
319 2540 388 2575 sive
410 2543 441 2575 ἐν
463 2541 519 2574 cie.
545 2553 576 2573 κ.
597 2551 647 2581 κς.
668 2534 831 2569 trahatur
853 2533 896 2568 ad
917 2544 992 2578 pr...
1030 2531 1100 2567 five
1126 2531 1169 2566 ad
1189 2532 1264 2578 sq.‚
1298 2529 1398 2578 quod
1416 2541 1591 2566 neutrum
1619 2528 1677 2565 in.

165 2588 402 2628 commodam
431 2587 522 2623 facit
550 2584 792 2624 iententiam,
828 2583 915 2618 dum
947 2581 984 2616 in
1013 2578 1229 2627 profulione
1257 2591 1296 2615 et
1324 2579 1471 2624 crapula
1501 2588 1674 2626 poterant

165 2638 369 2677 defiderare
397 2635 542 2684 rapinas
576 2632 874 2678 violentiamque.
915 2629 960 2664 ad
990 2629 1208 2676 explendam
1238 2627 1434 2676 pecuniam
1461 2628 1674 2668 absumtam.

165 2700 206 2729 et
227 2691 339 2738 aeque
369 2685 570 2723 decernere
592 2691 755 2719 mortem
775 2677 996 2722 Pertinacis,
1026 2690 1092 2728 per
1113 2689 1247 2727 potum
1275 2675 1413 2714 incenfi
1434 2676 1570 2725 magis,
1601 2687 1678 2713 nee
1703 2687 1707 2692 ·
