1722 3086
146 58 252 112 373
322 54 497 100 LIBER
521 53 604 99 Ν.
632 52 833 102 CARV.
856 56 909 100 A.
931 54 989 98 v.
1011 54 1062 101 c.
1090 53 1212 111 965.
1244 55 1386 102 CHR.
1400 57 1465 103 N.
1485 70 1546 101 ω
1563 69 1611 104 2.

143 167 368 240 ῃΜοὶξκσς
402 167 565 232 αὐτὸς,
611 168 896 235 φιλοσοφίαν
951 188 1021 222 cus
1090 170 1182 243 ipſs?
1248 171 1575 245 philosophiam

139 328 240 371 μανία
262 342 301 351 -
322 325 358 360 ἐκ
378 341 414 350 -
432 321 495 359 τοῦ
513 317 617 365 viis-tou
632 318 687 361 καὶ
705 320 756 366 τῷ
781 327 910 367 Νέρωνι
930 324 986 358 ὂιᾶι
1008 326 1068 364 τῆν
1087 326 1220 364 ποίησιν
1239 326 1441 369 ἐπέβαλλεν,
1464 314 1544 361 iure
1562 324 1685 366 civili,

140 384 295 421 propter
317 373 372 408 ius
400 370 640 420 adoptionis,
666 371 856 419 imperium
883 371 929 407 ad
950 372 1132 407 Neronem
1156 384 1309 420 quoque
1330 373 1556 422 pertinebat.
1609 373 1687 410 Sed

139 425 217 462 hoc
247 422 328 472 ipso
351 422 459 464 loco,
486 421 703 457 conservata
724 420 888 457 leffione
909 421 1009 470 vulg.
1030 432 1115 458 cum
1137 422 1240 458 libris
1263 422 1460 465 omnibus,
1489 423 1600 460 etiam
1632 425 1686 466 P.‘‚

140 486 257 523 quern
286 473 400 519 plane
431 474 494 519 ssg.
527 470 657 512 dedit,
691 481 775 507 utar
802 483 874 519 ego
903 483 1035 508 contra
1067 470 1348 508 dubitationem
1376 473 1440 510 Sb.
1470 472 1688 522 dupliciter,

141 523 268 573 primo
291 521 352 564 fic,
384 533 426 558 ut
447 521 583 563 dicam,
611 520 869 557 Britannicum
894 520 994 556 illius
1017 520 1087 557 ess'e
1109 521 1233 557 Nostri
1255 522 1548 566 Germanicum,
1574 523 1687 560 dein-¹

141 574 213 616 de,
239 573 344 622 quod
364 573 429 619 Eg.
450 585 470 608 e
490 572 526 607 P.
547 570 726 620 adiungit
745 571 789 607 ad
811 568 1115 618 perspicuitatem
1139 570 1347 618 defratre‚
1375 582 1418 609 ut
1436 571 1614 621 accipiam
1636 569 1686 610 de

141 624 260 661 fratre
285 635 349 671 per
376 622 651 669 adoptionem,
688 632 765 668 quo
796 620 842 656 de
869 620 976 657 sensu
1001 620 1048 656 cf.
1080 621 1198 657 Periz.
1222 622 1425 659 Animadv.
1446 622 1605 659 historic.
1625 623 1686 659 ed.

141 676 289 712 Harles.
311 685 347 719 p.
371 676 454 718 406.
509 673 678 719 Utraque
697 683 788 707 vero
812 683 870 706 res
891 669 1027 707 firmari
1049 670 1163 707 etiam
1189 671 1308 717 potest
1328 670 1552 710 testimoniis
1571 671 1686 709 histo·

127 724 309 761 ,ricorum
340 722 417 764 his,
446 721 556 769 Angl.
576 733 636 768 ap.
657 722 784 768 Heyn.
802 721 854 756 H.
875 733 911 766 4,
929 724 1013 765 756.
1034 732 1083 756 m.
1111 721 1174 758 ubi
1204 721 1250 756 de
1272 721 1502 769 imperatore
1523 722 1685 759 Claudio

141 785 185 812 et
204 771 358 810 vi&0ria
378 771 425 808 de
446 772 535 808 mari
556 771 774 807 Britannico
787 796 798 812 ,
822 782 888 806 aus
907 771 989 807 eben
1008 771 1084 807 dem
1106 772 1255 807 Grande
1267 773 1344 821 gab
1362 784 1405 807 er
1420 771 1561 808 seinem
1573 773 1687 808 Sohne

141 836 222 862 von
241 823 455 872 Aleffielinen
476 821 724 859 Germanicus
741 822 808 856 clm
828 822 1045 869 Beynarnen
1057 821 1306 862 Britannicus,
1335 822 1434 858 nihil
1452 832 1585 858 contra
1606 833 1686 858 mo-

140 885 264 912 nente
291 873 416 914 Nota,
451 883 531 908 tum
561 871 666 907 Suet.
695 870 736 906 in
765 871 898 907 Claud.
924 882 955 906 c.
977 882 1035 915 27.
1057 870 1079 906 i.
1109 883 1221 919 quem
1251 872 1370 921 primo
1397 872 1685 914 Germanicum,

141 920 494 962 moxssritannicum
517 921 800 969 cognominavit,
827 920 922 956 it.in
944 921 1094 957 Neron.
1115 934 1147 957 c.
1163 925 1197 956 6.
1221 935 1253 956 e.
1277 931 1317 957 ut
1336 930 1525 958 emanaret
1543 922 1582 957 in
1602 922 1685 958 vul-

137 987 225 1025 gus,
249 972 360 1022 miffiis
380 987 404 1008 a
423 970 627 1020 Meffblina‚
654 983 767 1007 uxore
790 971 946 1010 Claudii,
973 971 1036 1018 qui
1054 983 1130 1008 eum
1151 972 1415 1014 meridianum,
1441 971 1685 1019 (Neronem‚)
1720 982 1722 1005 ε

143 1024 250 1073 quasi
274 1021 478 1060 Britannici
509 1020 1030 1070 aemulum,strangulare-nt,
1057 1020 1159 1057 unde
1188 1021 1342 1070 colligas
1370 1021 1524 1063 saltem,
1557 1020 1686 1058 inimi-

144 1073 254 1112 citias
274 1073 450 1122 quasdam
475 1071 572 1108 inter
592 1070 676 1108 istos
697 1070 876 1107 exercitas
896 1069 991 1113 effe,
1018 1083 1060 1107 ut
1081 1082 1120 1107 et
1141 1084 1185 1107 ex
1211 1069 1268 1106 his
1286 1084 1366 1119 cap.
1386 1071 1438 1119 sq,
1492 1071 1687 1108 Britanni·

143 1139 222 1163 cum
243 1124 396 1161 fratrem
410 1149 420 1163 ,
445 1124 540 1171 quod
553 1120 594 1169 se
617 1120 693 1171 psst
715 1120 964 1168 adoptionem
985 1122 1233 1158 Aenobarbum
1255 1134 1299 1158 ex
1319 1121 1564 1171 consuetudine
1583 1122 1686 1170 salu·

144 1173 271 1223 afflet,
296 1183 337 1209 ut
348 1172 591 1222 fiabcl'itivum,
616 1172 714 1220 apud
727 1180 872 1219 patrem
891 1183 1047 1218 arguere
1065 1181 1215 1208 conatus
1234 1171 1301 1222 est,
1328 1173 1370 1207 ita
1391 1184 1421 1206 c.
1442 1181 1501 1220 33.
1525 1184 1576 1207 m.
1595 1171 1687 1208 Bri-

145 1225 355 1266 munitum,
395 1235 476 1258 non
505 1223 622 1257 minut
645 1221 880 1257 aemulatione
905 1221 1026 1262 vocis,
1062 1234 1151 1269 quae
1174 1222 1230 1257 illi
1255 1221 1442 1258 iucundior
1461 1221 1686 1271 sappetebat,

144 1288 252 1323 quam
279 1283 394 1315 metu,
419 1285 462 1308 ne
484 1273 691 1320 quandoque
713 1273 810 1316 apud
832 1271 1008 1306 bominum
1021 1272 1189 1319 gratiam
1211 1281 1370 1318 paterna
1388 1275 1559 1308 memoria
1576 1281 1687 1321 prae·

145 1326 312 1365 valeret,
334 1334 486 1358 veneno
506 1320 691 1369 aggreffics
708 1319 779 1369 ‘st’
805 1320 909 1366 quod
932 1330 992 1362 ct,
1016 1333 1059 1357 ut
1081 1320 1157 1368 post
1179 1320 1369 1369 sequitur,
1393 1321 1537 1369 inferri
1557 1322 1594 1357 in
1612 1321 1686 1358 tri-

146 1376 295 1413 clinium
318 1374 404 1408 dari
434 1385 500 1421 que
520 1369 699 1408 coenanti
713 1369 831 1418 ficum
865 1369 1082 1406 Britannico
1107 1371 1326 1418 imperavit,
1356 1372 1442 1412 rel.‚
1467 1369 1580 1408 latius
1611 1371 1685 1406 hoc

146 1425 538 1463 narrante'rac.Ann.
565 1431 622 1468 13,
648 1432 702 1461 15.
724 1420 802 1468 sqq.
817 1445 827 1460 ,
852 1418 914 1456 ubi
937 1420 1050 1456 etiam
1073 1419 1288 1457 nominatur
1310 1421 1557 1462 Britannicus,
1586 1432 1625 1457 et
1648 1432 1684 1459 c.

151 1489 213 1521 14.
233 1488 266 1510 e.
300 1474 416 1510 modo
439 1472 632 1508 audiretur
662 1470 744 1505 hinc
768 1469 986 1505 Germanici
1005 1470 1090 1518 filia
1117 1471 1205 1512 rel.‚
1230 1470 1292 1506 sed
1313 1483 1345 1506 c.
1370 1481 1424 1514 17.
1453 1469 1478 1506 i.
1505 1471 1545 1506 in
1562 1478 1682 1518 campo

148 1536 269 1563 tamen
288 1523 430 1560 Martis
445 1521 604 1569 sepultus
622 1519 690 1570 est,
715 1521 800 1556 adeo
831 1519 991 1555 turbidis
1020 1520 1216 1563 imbribus,
1246 1531 1288 1555 ut
1309 1521 1437 1568 vulgas·
1462 1521 1558 1556 iram
1584 1522 1684 1557 deum

145 1574 317 1628 portendi
347 1572 546 1609 crediderit
574 1568 747 1607 adversus
768 1568 942 1614 facinus,
968 1569 1028 1606 cui
1053 1570 1215 1618 plerique
1238 1571 1348 1605 etiam
1366 1570 1540 1607 hominum
1567 1568 1685 1619 ignos-

146 1627 273 1663 cebant
287 1649 298 1665 ,
326 1620 499 1670 antiquas
518 1620 698 1668 fratrum
724 1618 949 1661 discordias,
976 1628 1013 1655 et
1034 1618 1236 1666 insociabile
1258 1632 1406 1666 regnum
1423 1619 1682 1668 existimantes.

147 1679 281 1724 ltaque
311 1673 372 1709 hic
399 1685 481 1708 non
503 1669 678 1717 intelligo
701 1668 970 1707 Germanicum
997 1668 1128 1712 illum,
1163 1669 1229 1706 sub
1250 1670 1409 1706 Tiberio
1437 1668 1686 1711 clariffimum,

147 1726 212 1766 sed
233 1726 395 1761 alterum
423 1721 489 1759 sub
517 1720 702 1762 Claudio,
730 1730 844 1768 quem
866 1728 906 1755 et
924 1717 1013 1755 alibi
1033 1720 1125 1755 Tac.
1155 1719 1315 1768 appellat
1342 1719 1458 1756 modo
1489 1720 1684 1756 Britanni-

146 1790 245 1818 cum,
272 1775 387 1810 modo
409 1771 685 1811 Germanicum,
707 1770 758 1806 cf.
775 1771 879 1805 Ann.
907 1781 962 1811 12,
986 1782 1039 1811 2.‚
1065 1768 1211 1815 saepius
1235 1780 1360 1806 tamen
1383 1769 1469 1806 sane
1490 1769 1686 1806 Britanni-

147 1839 248 1866 cum,
278 1823 328 1859 cf.
352 1823 402 1859 ib.
427 1834 458 1857 c.
476 1834 533 1867 25.
556 1832 616 1866 41.
635 1825 719 1866 69.,
748 1831 814 1867 pro
840 1830 916 1865 quo
948 1817 1059 1855 licuit
1092 1819 1231 1856 Nostro
1256 1819 1434 1856 adhibere
1460 1832 1586 1867 aeque
1605 1832 1683 1855 no·-

148 1889 237 1914 men
260 1872 489 1911 Germanici,
517 1869 581 1918 qui
605 1881 645 1907 et
664 1869 767 1905 forte
786 1868 953 1904 αυᾶοτεε
982 1869 1158 1905 habuerit
1185 1870 1225 1905 in
1253 1882 1323 1909 eo,
1350 1869 1455 1917 quod
1482 1869 1576 1908 dicit
1603 1869 1682 1912 hic.

147 1927 285 1964 Titum
307 1923 551 1960 interemtum
574 1933 594 1956 a
615 1918 852 1956 Domitiano.
903 1918 967 1954 Sic
987 1918 1089 1954 enirn
1110 1918 1236 1954 Nostri
1261 1919 1352 1955 haec
1379 1919 1507 1967 capio,
1535 1931 1616 1956 non
1638 1929 1682 1956 ut

148 1973 401 2015 exonienses,
415 1983 560 2021 praeter
579 1969 728 2007 laudata
742 1967 781 2005 in
800 1980 934 2005 eorum
944 1969 1045 2005 Nota
1067 1979 1177 2005 antea
1196 1969 1290 2009 loca,
1304 1968 1444 2006 addens
1463 1970 1566 2006 hunc
1578 1971 1682 2006 Suet.

146 2028 190 2066 in
213 2023 356 2064 Domit.
379 2034 410 2057 c.
434 2035 465 2058 2.
487 2033 520 2058 e.
543 2033 654 2069 neque
682 2018 829 2067 ceffavit
844 2031 889 2054 ex
911 2031 956 2055 eo
977 2019 1124 2063 infidias
1144 2018 1280 2055 struere
1293 2019 1448 2066 fratri,
1475 2019 1591 2061 clam,
1617 2029 1684 2067 pa·
1721 2062 1722 2066 Ἰ

148 2080 243 2118 lam,
267 2075 333 2111 rel.
388 2071 565 2118 Denique
585 2069 682 2107 reste
708 2068 793 2105 Sch.
820 2083 924 2113 »σιμ
948 2078 1066 2110 taceo,
1093 2067 1243 2105 silentio
1268 2079 1463 2115 praetereo
1488 2070 1685 2115 aliquem«

147 2139 228 2176 quo
247 2126 294 2162 de
320 2122 422 2160 sensu
444 2121 544 2158 verbi
574 2132 611 2157 et
639 2118 807 2155 restione
827 2131 913 2155 cum
937 2130 1012 2153 acc.
1043 2118 1134 2166 pers.
1156 2119 1243 2154 sane
1273 2117 1368 2154 nihil
1389 2120 1532 2166 reperi,
1565 2120 1614 2155 cf.
1639 2116 1683 2156 L:

146 2178 199 2216 N.
218 2177 270 2212 T.
288 2173 391 2211 Sum.
413 2172 492 2208 ind.
511 2171 628 2217 Soph.
649 2167 708 2206 Ai.
733 2167 850 2215 Orph.
871 2170 1046 2216 Theogn.
1069 2167 1193 2205 vaick.
1214 2169 1301 2205 Eur.
1325 2168 1470 2205 diatrib.
1491 2155 1587 2205 mut.
1610 2169 1680 2206 Hs.

148 2227 270 2265 Dion.
291 2225 343 2260 H.
362 2224 399 2258 S.
424 2222 472 2258 T.
493 2232 524 2256 2.
546 2222 642 2256 Xen.
659 2220 747 2267 Cyr.
769 2219 880 2254 Dem.
903 2217 967 2255 sed
988 2220 1048 2254 Rs.
1071 2219 1137 2255 Or.
1156 2219 1202 2254 V.
1213 2231 1248 2260 4.
1272 2230 1356 2253 cum
1377 2229 1452 2254 acc.
1470 2217 1537 2259 rei.
1568 2231 1685 2267 quem.

148 2290 190 2316 et
209 2277 320 2312 habet
346 2273 424 2320 syn.
446 2272 600 2318 σιωπᾷ-ι,
628 2268 678 2305 cf.
700 2269 777 2314 Stp.
793 2269 964 2304 Th.cum
987 2266 1076 2304 Pois.
1099 2268 1211 2311 Call„
1241 2269 1286 2304 ad
1307 2280 1418 2314 quam
1438 2268 1582 2317 analog.
1598 2269 1682 2305 scri·

147 2338 255 2377 ptum
277 2322 337 2359 hic
360 2320 485 2360 fucrit.
512 2318 575 2357 sed
596 2317 714 2368 magis
731 2329 859 2355 tamen
877 2318 923 2355 ad
943 2319 1045 2359 Lat„
1071 2316 1121 2353 cf.
1137 2318 1185 2354 G.
1205 2319 1281 2354 Th.
1303 2318 1343 2354 in
1369 2320 1433 2367 Bg.
1450 2318 1493 2355 it.
1518 2318 1682 2365 v.Jilere,

146 2376 244 2416 etin
269 2376 341 2410 hoc
362 2371 439 2408 lnd.
465 2372 588 2408 Amm.
612 2369 671 2407 Μ.

199 2431 352 2475 Μάρκος)
379 2426 513 2474 Inique
544 2437 628 2461 eum
652 2423 799 2461 onerari
823 2424 891 2458 hac
913 2422 1120 2464 calumnia,
1146 2435 1276 2472 magna
1305 2422 1574 2460 asseveratione
1593 2434 1684 2461 con.

147 2482 276 2519 tendit
297 2477 537 2524 Capitolinus
558 2475 598 2511 in
612 2474 716 2509 Vero
736 2485 814 2520 cap.
836 2473 903 2509 ult.
918 2483 957 2508 et
979 2472 1187 2510 Ritterhus.
1211 2473 1249 2508 in
1279 2474 1407 2509 Marco
1430 2471 1508 2509 suo.
1561 2472 1683 2516 Adde,

148 2543 246 2579 quae
266 2527 483 2566 notavimus
504 2525 612 2572 supra
633 2522 679 2560 ad
707 2535 739 2564 1,
760 2537 794 2568 4,
817 2535 873 2558 21.
900 2523 1011 2558 Boecl.
1063 2524 1123 2558 De
1144 2523 1298 2563 Marco,
1325 2522 1427 2570 quod
1449 2521 1598 2565 dicitur,
1628 2534 1683 2560 at-

149 2578 268 2629 tingit
291 2577 408 2615 etiam
437 2574 676 2623 Capitolinus
703 2572 767 2618 (in
796 2573 927 2608 Marco
953 2583 985 2607 c.
1011 2584 1064 2618 15.
1093 2584 1124 2618 p.
1156 2582 1238 2619 347.
1268 2585 1361 2607 nemo
1389 2571 1437 2618 est
1463 2573 1682 2621 principum,

148 2643 250 2679 quem
272 2640 341 2664 non
363 2626 499 2674 gravis
512 2624 625 2670 sama
643 2621 889 2672 pastringat,
914 2634 1020 2669 usque
1040 2622 1146 2662 adea,
1175 2632 1218 2658 ut
1245 2623 1354 2657 etiam
1373 2623 1523 2658 Marcus
1543 2623 1582 2658 in
1601 2620 1682 2671 ser.

149 2678 283 2717 monem'
304 2677 463 2715 venerit,
490 2673 597 2722 quod
624 2674 752 2708 Verum
780 2671 837 2706 vel
858 2683 989 2707 veneno
1017 2670 1226 2712 sustulerit,
1250 2692 1288 2699 —
1314 2672 1377 2708 vel
1398 2681 1496 2708 certe
1511 2682 1579 2720 per
1600 2685 1681 2708 me-

150 2728 278 2767 dicum
297 2726 539 2776 Pqsidippum,
562 2723 627 2774 qui
644 2722 680 2761 ei
695 2720 906 2771 sanguinem
923 2719 1169 2771 intempestive
1191 2721 1330 2759 dicitur
1356 2719 1526 2771 emffiffit)
1551 2721 1592 2759 et
1617 2720 1684 2760 sub
