1687 3137
119 145 217 182 xvt
654 128 1114 178 EPISTOLA.

225 244 300 287 His
319 243 438 286 rebus
454 242 618 291 frueris,
650 244 707 284 mi
723 246 881 295 Frater,
912 256 1066 285 memor
1083 244 1183 297 mei,
1213 255 1254 286 et
1277 247 1470 296 monitus,
1501 247 1546 289 ad
1566 260 1644 291 tera
1680 243 1687 250 ⁵

112 303 213 345 tium
231 303 374 353 Operis
392 304 566 342 Tomum
594 300 792 342 confectos
816 303 892 341 iam
921 314 1029 343 nunc
1047 315 1070 340 a
1097 314 1165 342 me
1191 301 1310 344 libros
1329 305 1529 358 quintum,
1559 303 1642 347 sex·

113 372 199 402 tum
217 369 258 400 et
281 357 487 413 septimum
505 357 735 410 dimidium,
766 372 832 410 ac,
863 371 941 412 quo
961 370 1142 412 tempore
1161 357 1375 402 scribebam
1391 361 1508 413 haec,
1540 375 1565 403 e
1587 360 1644 403 seq
1683 379 1687 402 ε

111 417 240 472 ptimo
255 416 357 458 libro
374 413 584 468 septimum
601 415 698 456 item
714 427 843 467 caput.
900 416 1016 466 Quos
1035 415 1189 457 labores
1210 416 1303 456 dum
1322 420 1436 470 prela
1452 430 1644 460 exercent

110 487 238 517 nova:
268 471 401 527 spero,
439 471 547 523 fore,
577 482 622 511 ut
649 473 802 525 reliqua
823 486 909 526 pars
931 484 1063 515 textus
1093 474 1235 514 Graeci
1255 474 1456 516 tranando
1477 474 1644 518 absolva·
1679 479 1687 520 i

111 539 196 582 tur,
223 542 377 570 caetera
402 542 480 583 que
501 539 808 581 componantur,
847 542 949 583 quae
965 532 1142 571 Tomum
1166 531 1353 584 expleant
1379 532 1562 582 tertium,
1594 546 1642 580 ac

110 586 239 629 finem
264 586 315 627 fic
334 586 456 639 Operi
473 586 679 638 imponant
705 586 788 626 toti.

222 643 301 685 Sed
330 653 484 683 certum
511 640 619 693 quod
648 653 826 695 ternpus,
877 655 956 694 quo
982 638 1160 683 succedat
1190 644 1350 684 ultimus
1383 644 1449 685 hic
1477 647 1651 696 Tomus,
1676 664 1677 667 ¹

109 700 344 756 praedicere
363 711 535 750 nequeo,
562 710 652 737 cum
672 699 795 752 longe
812 698 1004 754 progredi
1020 713 1105 739 non
1122 701 1236 741 liceat
1253 700 1294 741 in
1311 703 1446 755 paucis
1465 716 1488 741 a
1504 702 1645 743 labore
1673 732 1677 741 .

107 756 338 800 scholastico
356 756 426 796 otii
445 754 710 808 temporibus,
739 756 913 796 maxime
931 769 1003 808 per
1024 755 1228 810 hyemem,
1257 769 1300 798 et
1320 759 1511 813 plagulis,
1540 771 1647 812 quae

108 814 240 869 Lipfia
266 814 432 854 veniunt
465 811 643 867 {ingulae
674 810 724 851 ad
754 810 1071 862 emendandum,
1108 815 1218 864 prela
1252 815 1562 866 retardantibus,
1601 827 1645 857 et

108 883 278 926 propter
301 880 535 924 perpetuam
556 868 772 921 quaerendi
793 868 845 908 de
871 867 1091 909 Herodiani
1118 869 1340 910 Graecitate
1365 871 1645 922 neceffitatem,
1678 887 1687 912 ¹².

108 930 289 981 denique
324 927 513 981 quoniam
537 925 728 979 longioris
753 938 884 965 curae·
894 926 1141 979 cogitationis
1168 939 1248 979 que
1277 924 1434 966 futurae
1461 928 1647 969 videntur
1679 941 1687 966 τ

111 983 402 1028 difl'ertationes
419 983 537 1023 binae
552 983 593 1021 in
613 981 768 1033 primis,
798 993 881 1021 tum
904 978 1039 1021 census
1060 982 1254 1023 Codicum
1273 995 1394 1023 manu
1413 979 1646 1039 scriptorum
1683 1000 1687 1024 ι

107 1042 344 1085 Editionum
364 1053 464 1094 que,
493 1049 579 1079 tum
597 1039 851 1078 Herodianae
870 1036 1084 1089 scriptionis
1103 1040 1234 1093 imago
1253 1038 1444 1081 universa.

223 1113 558 1166 Quandocunque
583 1114 695 1165 Opus
729 1110 957 1152 consenum
984 1112 1104 1162 plane
1132 1111 1318 1164 prodeat:
1359 1124 1458 1163 quos
1485 1113 1653 1154 Indices
1685 1129 1687 1149 1

106 1172 236 1213 varios
263 1179 461 1224 expetunt
482 1167 790 1222 Ephemerides,
818 1180 859 1209 et
879 1165 960 1221 ipse
981 1170 1070 1217 Tu,
1102 1170 1237 1208 Frater
1256 1167 1482 1216 Cariffime,
1510 1166 1644 1210 neces·
1685 1183 1687 1208 ;

107 1228 228 1271 farios
247 1227 376 1278 videm
407 1238 450 1267 ut
474 1226 641 1279 reperiri
662 1225 801 1278 posiint
831 1225 959 1278 repeti
984 1237 1062 1277 que
1090 1238 1152 1265 res
1179 1225 1384 1274 tractatae,
1413 1225 1517 1264 dabo
1540 1223 1642 1272 sane,

109 1301 138 1327 e
163 1285 295 1325 multis
331 1282 487 1325 haustos
515 1283 700 1338 plagulis,
732 1282 877 1336 quibus
902 1282 1015 1322 illino
1039 1281 1219 1334 quotidie
1246 1280 1419 1335 singula,
1453 1280 1548 1322 scitu
1571 1295 1641 1324 ne-
1682 1298 1687 1321 τ

112 1340 281 1386 ceffaria.
1623 1365 1630 1388 3>

222 1401 358 1440 Deum
375 1409 469 1437 vero
492 1406 533 1437 et
553 1398 663 1445 Tua,
690 1396 745 1436 mi
764 1397 916 1445 Frater,
945 1394 1092 1447 patitur
1112 1394 1236 1446 pietas
1261 1404 1304 1434 et
1322 1407 1435 1436 meus
1461 1395 1541 1436 vult
1563 1395 1644 1436 ani-

105 1469 203 1497 mus
228 1455 375 1496 laudari
402 1454 466 1494 hic
493 1453 620 1506 palam
638 1463 757 1506 atque
776 1451 1014 1506 praedicari,
1042 1464 1133 1490 cum
1160 1451 1302 1491 virium
1322 1451 1444 1492 animi
1469 1453 1642 1506 corporis

44 1526 48 1527 ⁷
105 1526 192 1567 ¹que
218 1511 435 1553 sustentavit
463 1510 736 1563 integritatem
763 1521 804 1549 et
828 1509 1088 1556 alacritatem,
1129 1508 1170 1547 in
1198 1508 1332 1560 primis
1352 1506 1490 1549 salvam
1511 1509 1643 1549 oculo-

108 1583 198 1611 rum
226 1571 352 1609 aciem
379 1568 419 1607 in
448 1568 636 1608 continua
667 1567 945 1612 contentione,
976 1576 1017 1605 et
1041 1564 1268 1604 declinante
1293 1578 1406 1606 nunc
1430 1576 1559 1606 aetate
1587 1575 1643 1605 at-

109 1640 193 1680 que
212 1623 501 1674 descendente,
529 1623 616 1677 post
636 1624 743 1664 vitae
762 1636 909 1662 annum
930 1620 1297 1675 quinquagesimum
1318 1619 1545 1674 septimum,
1574 1620 1643 1662 sed
1685 1620 1687 1622 ’

109 1685 289 1724 muneris
314 1681 528 1723 scholastici
557 1679 813 1735 trigesimum.
875 1678 995 1719 Dabit
1019 1678 1127 1717 idem
1153 1678 1387 1718 immortalis
1412 1682 1522 1720 Deus
1545 1677 1644 1718 mihi
1684 1679 1687 1705 ῑ

110 1739 298 1794 quidem,
335 1739 363 1779 fi
389 1737 558 1778 salutare
579 1738 658 1787 est,
695 1750 786 1778 cum
815 1736 892 1776 vita
914 1735 1087 1789 longiori
1113 1732 1238 1774 finem
1264 1733 1409 1776 laboris
1432 1735 1549 1777 huius
1573 1736 1645 1776 im·

109 1797 260 1848 mensi,
299 1794 371 1836 sed
394 1793 491 1836 Tibi
516 1796 615 1835 Tuis
643 1806 725 1845 que
1609 1788 1612 1792 ’

528 1864 603 1904 pro
631 1846 802 1889 iucundis
831 1845 1014 1901 aptiffima
1046 1859 1218 1900 quaeque.

221 1926 281 1965 lta
306 1925 414 1975 vive,
442 1926 578 1965 Frater
597 1922 779 1976 Optime,
815 1933 904 1962 cum
934 1922 1032 1962 Tuis
1060 1935 1200 1973 porro,
1247 1930 1292 1960 ut
1317 1929 1431 1975 potes
1456 1932 1502 1959 ac
1527 1916 1646 1970 soles,

110 1996 178 2026 me
204 1996 285 2037 que
302 1995 409 2032 ama,
440 1991 483 2020 ut
501 1979 597 2021 facis
615 1990 657 2021 et
674 1976 764 2025 scis,
793 1980 859 2019 Te
882 1992 904 2018 a
925 1991 992 2019 me
1009 1979 1130 2018 amari
1148 1979 1276 2019 unice.

249 2041 390 2095 Scripfi
443 2043 595 2083 Plaviae
652 2037 903 2083 Vatiscorum
966 2037 1103 2081 mense
1152 2036 1372 2080 Novembri
1417 2040 1469 2081 A.
1509 2038 1557 2080 C.
1594 2039 1642 2080 N.

112 2097 549 2149 CIDIDCCLXXXIX.

219 2224 440 2271 Finieram,
472 2236 561 2263 cum
588 2219 768 2261 addenda
791 2218 1065 2261 offerebantur
1083 2218 1182 2266 duo,
1211 2217 1386 2272 primum
1405 2216 1501 2269 hoc,
1533 2218 1642 2272 quod
1681 2259 1687 2263 ,,

110 2278 214 2324 filius
238 2283 457 2334 periculum
477 2279 574 2320 fecit
594 2277 797 2330 sculpendi
825 2278 868 2317 in
888 2277 1019 2317 tabula
1039 2289 1163 2316 aenea
1182 2277 1229 2314 ad
1247 2287 1285 2327 4,
1305 2287 1344 2324 2,
1367 2285 1431 2317 12.
1451 2273 1531 2328 sqq.
1554 2290 1641 2316 non

108 2339 232 2379 modo
258 2335 460 2378 aediculam
490 2338 596 2376 illam
626 2334 924 2388 consecrationis,
968 2332 1036 2373 sed
1062 2334 1180 2372 etiam
1211 2331 1404 2381 Pharum,
1433 2331 1485 2372 ib.
1516 2334 1549 2381 §.
1573 2343 1635 2383 ις.

109 2406 375 2448 comparatam
397 2394 444 2432 ab
463 2392 706 2433 Herodiano.
763 2392 942 2441 Quarum
962 2389 1171 2429 similitudo
1195 2398 1261 2427 aut
1285 2387 1548 2428 diffimilitudo
1575 2402 1639 2428 ae·

109 2453 255 2494 stimari
284 2448 372 2491 sane
394 2451 542 2502 poterit
574 2450 735 2495 melius,
769 2448 948 2499 utrisque
975 2447 1085 2485 iuxta
1120 2444 1160 2485 se
1181 2445 1321 2498 positis.
1379 2443 1544 2498 Sculpfit
1572 2459 1638 2484 au·

109 2520 193 2548 tem
213 2507 262 2547 ad
281 2508 500 2561 imaginem
522 2504 689 2545 aedificii
711 2504 812 2556 apud
833 2504 1049 2543 Fabricium
1075 2503 1116 2541 in
1137 2499 1422 2556 bibliographia
1449 2502 1567 2554 antiq.
1597 2515 1636 2554 p.

111 2567 225 2616 368„
254 2560 321 2603 sed
342 2565 456 2603 turris
476 2564 636 2603 alterius
656 2560 760 2614 apud
783 2559 1071 2602 Monte-falcon.
1083 2560 1242 2610 antiqu.
1263 2559 1325 2599 ed.
1340 2560 1459 2599 Vern.
1482 2571 1517 2610 p.
1541 2563 1634 2609 382.

105 2621 209 2665 'l‘ab.
235 2622 325 2662 126.
354 2622 418 2660 Nr.
440 2633 481 2662 2.

221 2676 382 2717 Deinde
408 2677 449 2715 in
480 2687 617 2715 manus
647 2673 757 2713 venit
787 2671 839 2712 de
866 2673 993 2725 ptimo
1023 2670 1240 2711 Herodiani
1267 2673 1399 2712 Tomo
1425 2667 1633 2720 iudicium,
1664 2671 1670 2676 “

106 2731 253 2777 facium
281 2734 321 2772 in
347 2732 505 2782 libello,
536 2732 603 2784 qui
630 2728 853 2769 inscribitur
880 2728 1085 2783 allgemeine
1110 2726 1275 2781 deutsche
1301 2720 1534 2775 Bibliothek,
1565 2726 1635 2767 ubi

106 2800 162 2844 90
181 2788 299 2831 Band.
330 2799 347 2831 1
368 2788 489 2832 Stuck
516 2789 552 2833 S.
574 2799 665 2838 204,
689 2787 839 2834 auctor,
865 2785 944 2826 five
971 2786 1102 2838 potius
1127 2784 1296 2834 artifex,
1321 2783 1446 2824 bilem
1460 2793 1510 2824 et
1529 2782 1633 2823 virus
