1687 3137
147 147 319 194 LIBER
332 147 388 192 II.
433 145 608 192 CARI.
644 148 696 191 A.
712 145 767 190 V.
792 145 839 190 C.
867 143 988 201 946.
1031 144 1169 190 CHR.
1191 144 1254 189 N.
1283 145 1403 201 193.
1485 157 1506 188 1
1523 157 1545 202 5

38 279 163 311 ποικι
183 267 224 322 ⁸,
262 259 391 327 μόνος
410 259 456 309 τὲ
474 257 780 328 πεςιλειφθεὶς
826 279 905 311 ιο.
936 264 1138 328 solusque
1174 265 1369 328 reliquus
1402 279 1453 311 ex
1483 280 1555 311 ve·

39 339 123 386 τῶν
159 338 326 402 σεμνῶν
349 333 563 405 πατξῴων
583 335 644 398 τῷ
665 341 778 400 Kopa-
815 339 1020 386 nerandis
1065 341 1148 386 illis
1187 342 1380 404 paternis
1423 344 1556 387 Com-

36 407 163 479 μὲὃῳ
182 413 324 474 φίλων
346 411 382 461 ¹⁷.
413 409 454 460 ὃν
479 412 556 459 οὐκ
576 408 779 458 οἱπέκτει·
813 416 948 462 modo
970 418 1142 462 amicis:
1176 433 1308 478 quem
1319 433 1408 462 non
1424 419 1556 462 inter-

40 507 101 548 νε,
150 484 262 536 τῶνὶ
293 485 484 556 Μάξκου
518 487 692 554 ἐπείξων
732 485 779 534 τέ
811 491 912 537 fecit
936 494 1136 538 omnium
1163 494 1303 537 Marci
1338 491 1558 538 sociorum

37 562 115 612 καὶ
145 564 377 633 egon-ny&
402 559 675 626 ἐντιμότατον
707 581 778 625 ’γε-
814 584 862 613 ac
913 567 1075 613 ducum
1113 565 1413 623 fortissimum,
1471 560 1559 612 five

131 705 163 742 g)
187 703 298 736 Colon
317 701 351 733 in
371 703 445 740 Sb.,
471 712 539 744 quo
557 712 592 735 et
610 703 665 742 Eg.
684 703 804 745 spectat
817 725 826 739 ,
852 701 904 734 sed
924 714 1053 735 comma
1072 703 1105 734 in
1126 706 1169 735 A.
1190 703 1255 741 aL,
1290 712 1324 735 at
1342 704 1498 744 punctum
1516 702 1554 735 in

39 747 114 789 Stp.
128 747 189 778 rel.
260 748 302 785 h)
327 748 389 779 Hic
416 758 546 779 comma
571 749 604 780 in
625 749 671 779 M.
693 750 747 780 Ba.
775 760 850 779 cum
874 754 912 783 A.
934 749 1002 786 ah,
1033 749 1089 780 sed
1119 749 1275 790 punitum
1303 749 1336 778 in
1357 750 1419 780 Lu.
1446 758 1480 780 et
1497 748 1556 780 Bc.

39 792 66 830 i)
91 794 127 825 ln
146 793 212 824 Ox.
231 792 342 824 omiffa
360 792 437 825 sunt
452 796 563 825 τῶν-
581 805 707 832 γενομ.,
744 796 835 835 quod
856 803 889 824 et
909 794 1021 826 Leisn.
1042 794 1077 826 in
1094 803 1197 833 marg.
1216 802 1406 824 monuerat.

40 903 104 943 hic
124 918 143 942 e
166 905 206 940 P.
232 903 399 942 servante
424 905 486 953 Bg.
517 903 716 941 formulam
747 903 852 941 aliam
874 919 937 952 per
959 905 1052 947 adi..
1089 905 1179 941 dum
1203 905 1286 940 Sch.
1313 906 1354 940 in
1377 917 1498 952 praep.
1519 917 1557 941 e.

42 953 131 1004 „sub
153 963 240 989 ortu
263 955 496 990 habitantes“
520 953 667 1001 supplet
684 954 853 1001 particip.
882 952 1072 995 οἰκούντων,
1109 953 1365 994 κατοικούντων,
1394 953 1418 988 s.
1440 952 1558 991 ὅντων-

92 999 188 1049 μόνος
206 1008 248 1040 τὲ
268 1004 319 1049 Λ.)
349 1005 448 1038 lnter
463 1014 638 1049 paternos
650 1003 847 1038 Commodi
865 1003 1002 1039 amicos
1027 1007 1076 1048 (v.
1102 1015 1131 1044 1,
1148 1015 1203 1045 17,
1220 1005 1268 1048 3.)
1288 1002 1436 1039 suntCl.
1451 1004 1559 1039 Pom-

43 1051 221 1101 peianuS,
259 1051 455 1091 Pertinax,
492 1051 710 1087 Victorinus
736 1052 938 1098 praese-&us
962 1053 1043 1088 urbi
1070 1051 1274 1087 secundum
1296 1053 1412 1088 Dion.
1433 1065 1493 1095 72,
1519 1064 1556 1096 4.

43 1115 80 1149 p.
103 1112 208 1144 1205.
230 1099 268 1146 (l.
288 1105 346 1136 62.
368 1100 463 1148 sqq.)
491 1099 531 1136 in
560 1113 672 1149 quem
703 1113 901 1137 numerum
923 1101 1079 1137 Didium
1097 1101 1281 1137 Iulianum
1302 1101 1413 1138 etiam
1437 1101 1558 1137 refert

42 1149 258 1197 Spartianus
277 1147 316 1185 in
339 1148 405 1185 lul.
426 1162 455 1184 c.
469 1162 499 1184 2.
522 1153 570 1193 (v.
591 1150 616 1185 1.
636 1150 677 1194 Ι.)
724 1150 774 1185 Ex
796 1151 931 1196 quibus
952 1151 1164 1187 Victorinus
1187 1150 1380 1186 decesserat
1400 1150 1480 1196 post
1492 1151 1559 1186 Pe-

41 1198 174 1237 sennis
191 1198 388 1235 interitum
414 1198 478 1234 sub
498 1199 706 1240 Cleandro,
739 1211 770 1235 ν.
792 1201 893 1236 Fabr.
915 1202 959 1236 ad
980 1200 1097 1236 Dion.
1117 1212 1153 1246 p.
1181 1212 1277 1235 ¹212.
1298 1198 1403 1245 §.620
1452 1198 1561 1235 Iulia-

43 1261 115 1286 nus
133 1247 242 1284 etiam
262 1247 326 1283 sub
349 1247 558 1284 Commodo
576 1248 718 1283 occisus
739 1247 872 1285 fuerat.
921 1250 995 1285 Sed
1007 1251 1061 1286 Ci.
1079 1259 1203 1284 tamen
1221 1248 1469 1295 Pompeianus
1483 1250 1561 1284 hoc

45 1306 217 1344 tempore
236 1296 275 1333 in
296 1296 391 1333 vivis
408 1296 495 1332 fuit.
548 1298 678 1344 ltaque
702 1297 734 1334 ei
758 1310 777 1332 a
802 1297 994 1335 Pertinace
1015 1299 1053 1334 in
1074 1298 1201 1334 senam
1223 1300 1385 1334 oblatum
1399 1299 1467 1334 ess'e
1488 1297 1564 1332 im-

43 1348 191 1396 perium
219 1346 345 1382 scribit
363 1346 484 1393 Capit.
507 1359 538 1381 c.
560 1360 594 1391 4.
624 1351 680 1393 (e.
704 1359 738 1392 p.
759 1350 862 1393 539.)
925 1347 1052 1384 Eidem
1080 1359 1098 1382 a
1118 1349 1213 1383 Pert.
1238 1360 1320 1382 cum
1341 1349 1379 1383 in
1402 1346 1560 1383 caeteris

43 1396 245 1433 maximum
273 1395 457 1431 honorem
488 1396 670 1432 tributum
690 1395 766 1431 Dio
791 1408 847 1439 72,
870 1406 901 1443 3.
922 1396 1069 1437 scribit,
1108 1409 1186 1432 tum
1210 1398 1246 1431 in
1274 1397 1400 1433 senatu
1429 1397 1561 1432 locum

44 1446 147 1483 iuxta
173 1444 402 1481 Pertinacem
435 1445 472 1480 in
503 1445 671 1480 subsellio
700 1446 838 1481 datum.
899 1447 972 1483 Cur
1001 1458 1090 1494 ergo
1120 1446 1229 1481 huius
1259 1446 1313 1481 Cl.
1336 1443 1559 1492 Pompeiani

15 1503 25 1513 ‘
44 1496 187 1532 nullam
209 1493 394 1529 rationem
411 1493 514 1530 ducit
531 1493 706 1535 Herodi..
730 1495 953 1542 scribitque,
979 1507 1097 1531 unum
1118 1494 1350 1531 Pertinacem
1371 1494 1561 1542 reliquum

47 1557 92 1581 ex
113 1542 275 1589 paternis
297 1542 492 1579 Commodi
513 1543 643 1579 amicis
662 1543 796 1580 fuiss'e?
829 1546 941 1580 Forte
966 1546 1015 1580 ci.
1041 1543 1292 1590 Pompeianus
1317 1543 1466 1591 ignotus
1482 1545 1563 1579 He-

47 1593 206 1631 rodiano
226 1592 318 1633 fuit;
355 1593 497 1640 quippe
514 1592 578 1639 qui
600 1592 648 1628 ob
672 1593 848 1629 timorem
867 1593 1068 1630 Commodi
1087 1593 1162 1628 ruri
1184 1593 1299 1628 latere
1318 1594 1469 1634 michar,
1505 1606 1565 1628 ra-

49 1654 167 1690 roque
189 1639 229 1678 in
247 1642 375 1677 urbem
399 1653 628 1682 commeare,
657 1643 832 1678 excusans
853 1643 1078 1679 senefiutem
1099 1653 1137 1677 et
1158 1643 1330 1678 morbum
1351 1644 1561 1684 oculorum,

48 1690 187 1729 utDio
208 1702 266 1735 72,
291 1701 321 1737 3.
342 1689 480 1727 scribit.
542 1692 658 1726 forte
680 1690 790 1728 etiam
811 1691 934 1728 sensus
960 1694 1158 1728 verborum
1177 1692 1384 1728 Herodiani
1412 1691 1474 1728 hic
1495 1691 1561 1732 est,

46 1741 146 1778 solus
167 1739 331 1787 reliquus
355 1750 434 1775 erat
449 1752 492 1775 ex
512 1741 674 1787 paternis
693 1741 819 1776 amicis
841 1741 907 1783 iis,
936 1753 1031 1789 quos
1050 1741 1277 1777 Commodus
1300 1741 1421 1790 aliqua
1441 1753 1565 1777 vene-

48 1790 197 1827 ratione
219 1788 516 1836 prosequebatur.
542 1790 660 1824 Leisn.

147 1840 263 1879 Cum,
289 1848 332 1873 ut
354 1836 489 1873 dictum
510 1837 553 1872 ad
578 1850 606 1878 i,
630 1847 666 1878 8,
690 1849 767 1878 10.,
795 1837 1012 1883 Pompeiani
1034 1850 1113 1873 non
1131 1837 1194 1880 fiat
1215 1837 1358 1875 mentio
1378 1839 1564 1885 deinceps

50 1899 107 1934 ap.
130 1887 323 1923 Nostrum:
360 1885 533 1921 credibile
552 1884 614 1928 fit,
656 1886 791 1922 Nostro
809 1887 902 1923 nihii
928 1889 974 1923 de
997 1887 1084 1922 vivo
1106 1900 1150 1922 eo
1169 1887 1324 1933 amplius
1349 1888 1566 1932 constiriffe,

51 1946 92 1973 et
108 1934 178 1972 adi.
197 1931 294 1979 μένος
314 1933 464 1981 proprie
483 1946 523 1968 ac
541 1933 615 1970 fine
634 1934 809 1971 adiunfto
830 1936 893 1971 iiio
915 1935 977 1971 hic
997 1936 1108 1982 poni,
1136 1936 1199 1972 ubi
1222 1938 1286 1985 Bg.
1307 1948 1392 1972 cum
1412 1938 1496 1973 sch.
1519 1937 1566 1975 in

52 2002 89 2023 π.
117 1985 304 2030 „reliquus
321 1983 418 2018 solus
438 1983 659 2018 amicorum«
686 1984 817 2030 partim
838 1999 858 2020 e
880 1986 917 2022 P.
939 1986 977 2020 in
993 1984 1207 2031 participat.
1229 1998 1293 2032 per
1310 1986 1404 2028 adi.,
1429 1998 1568 2023 tenen-

52 2045 92 2070 te
113 2034 193 2079 Stp.
213 2033 288 2067 Th.
303 2056 313 2072 ‚
340 2043 482 2078 praeter
501 2032 627 2068 locum
646 2046 666 2068 e
684 2035 735 2069 N.
756 2036 804 2069 T.
819 2058 829 2076 ,
858 2034 969 2069 modo
991 2033 1116 2069 Nostri
1141 2035 1245 2071 illum
1268 2035 1393 2082 §.16.‚
1417 2036 1480 2072 ubi
1501 2049 1566 2072 va-

51 2082 168 2119 riatur
185 2080 258 2117 aiio
279 2092 471 2126 tempore,
509 2080 584 2117 fine
602 2083 668 2117 Vs.
690 2082 768 2128 post
797 2099 861 2121 „m
885 2096 951 2128 pro
974 2082 1199 2129 superstitem
1221 2083 1333 2123 effe,“
1355 2083 1401 2120 cf.
1424 2097 1568 2128 tamen.

51 2137 197 2180 praeter
213 2130 275 2166 Sb.
297 2130 379 2166 Ind.
402 2143 421 2164 e
443 2129 552 2176 Xiph.
570 2142 610 2167 et
627 2131 732 2173 2013,
761 2131 872 2168 etiam
885 2133 976 2168 Luc.
996 2145 1079 2168 cum
1100 2134 1185 2168 Ael.
1207 2133 1253 2167 V.
1274 2134 1310 2170 h.
1330 2146 1364 2177 9,
1378 2142 1410 2174 8.
1431 2146 1465 2181 p.
1481 2143 1565 2179 582.

0 2199 1 2228 j
51 2185 80 2219 εἶ
101 2182 137 2217 δέ
155 2195 188 2217 τι
210 2181 428 2226 περιελείφθη
446 2182 482 2224 ἐξ
498 2182 628 2221 αὐτῶν,
644 2181 685 2224 fi
700 2180 790 2228 quid
809 2195 894 2217 vero
915 2181 1098 2228 reliquum
1114 2195 1157 2217 ex
1178 2181 1224 2218 iis
1233 2182 1436 2230 supererat,
1461 2184 1523 2220 ubi
1543 2195 1569 2219 a
1612 2188 1614 2190 ’

52 2241 166 2276 pron.
187 2235 221 2266 τὶ
239 2227 379 2275 pendet
400 2240 548 2275 praep„
583 2228 732 2265 assumta
756 2231 817 2265 hic
836 2243 852 2265 a
875 2233 934 2279 Bg.
955 2231 1036 2277 post
1054 2230 1150 2274 μᾶνσς
1169 2243 1252 2266 cum
1273 2243 1356 2278 gen.
1378 2246 1399 2268 e
1416 2235 1452 2269 P.
1472 2232 1566 2274 fere.

53 2278 157 2315 secus
178 2288 220 2312 ac
237 2289 268 2319 1,
293 2289 328 2320 2,
350 2281 382 2312 6.
397 2300 409 2317 .,
441 2277 504 2324 qui
525 2277 681 2324 praeivit
698 2279 737 2314 in
758 2278 858 2314 artic.
882 2292 948 2327 per
968 2292 1076 2326 pron.
1090 2305 1101 2322 ,
1129 2280 1290 2316 desertus
1310 2281 1350 2316 in
1370 2281 1481 2328 gradu
1493 2280 1567 2317 adi.

54 2341 165 2377 espen,
199 2324 241 2362 it.
263 2325 302 2362 in
321 2324 436 2362 iibere
456 2325 584 2363 addito
612 2328 693 2363 adv.
713 2328 850 2374 (forsan
878 2343 898 2364 e
918 2328 951 2375 §.
977 2331 1045 2375 16)
1071 2330 1115 2365 ad
1135 2338 1234 2375 qum,
1268 2330 1374 2377 quod
1402 2330 1567 2368 severius

49 2376 117 2424 Bg.
136 2376 255 2411 servat
273 2386 357 2411 cum
381 2375 455 2411 dat.

104 2430 169 2461 τῶν
186 2425 247 2468 Μ.)
276 2424 304 2459 Ε
324 2424 362 2458 Ρ.
382 2423 461 2459 fere
482 2423 648 2466 additus,
673 2436 715 2461 ut
734 2425 841 2466 alibi,
872 2438 956 2475 gen.
979 2426 1049 2462 adi.
1073 2432 1202 2465 πάντων
1221 2438 1305 2462 cum
1323 2426 1478 2474 superl.,
1500 2428 1569 2465 secl

53 2473 94 2509 in
114 2473 183 2509 adi.
204 2472 429 2508 moderatius
448 2473 589 2515 astum,
622 2485 666 2510 ut
694 2485 818 2510 tamen
848 2488 885 2512 et
906 2476 1029 2513 Leisn.
1054 2476 1093 2512 in
1118 2487 1230 2523 marg.
1251 2477 1306 2513 M.
1327 2478 1390 2524 Bg.
1417 2488 1571 2516 notaret

53 2521 287 2561 libertatem,
322 2520 382 2557 ubi
403 2524 487 2558 Sch.
513 2523 861 2562 „honoratiflimum
883 2524 1097 2561 sociorum«
1124 2538 1179 2573 ap.
1193 2527 1240 2560 G.
1254 2526 1422 2562 Th.cum
1437 2528 1571 2569 Gr.n.‚

53 2571 122 2607 ubi
144 2571 226 2618 Stp.
246 2570 320 2606 Th.
340 2570 485 2618 ignorat
503 2571 657 2616 superi..
694 2570 742 2606 cf.
768 2575 845 2609 ind.
866 2576 925 2610 Sb.
947 2577 1042 2612 Xen.
1062 2576 1148 2621 Cyr.
1172 2585 1212 2610 et
1230 2575 1362 2615 Dem.,
1396 2576 1455 2612 cui
1478 2575 1573 2612 add-

58 2629 144 2664 143,
161 2631 222 2664 ις.
249 2628 406 2672 428319.
425 2630 462 2654 et
478 2620 519 2656 L.
538 2622 588 2658 NL
610 2622 657 2655 T.
705 2623 881 2669 Denique
897 2624 1146 2669 participnysv.
1166 2623 1394 2670 oppressum,
1421 2636 1462 2661 ut
1479 2623 1570 2661 alibi

56 2663 154 2708 iim-nr,
179 2669 311 2704 eodem
323 2667 439 2709 sensu,
456 2670 516 2703 hic
528 2669 787 2705 resolvendum
799 2684 863 2717 per
875 2673 1027 2717 etsierat
1039 2674 1102 2708 rel.
1151 2672 1225 2708 Sed
1244 2672 1284 2708 in
1297 2672 1438 2718 ἐπείξων
1455 2674 1568 2710 notio

56 2716 174 2753 fuerit
189 2715 362 2764 simplicis
378 2716 563 2753 societatis
585 2729 623 2753 et
646 2719 853 2761 amicitiae.
879 2722 928 2756 ob
952 2722 1119 2757 vicinum
1140 2720 1178 2755 in
1198 2727 1390 2767 pinetam,
1415 2724 1569 2771 angusto

55 2765 160 2804 sensu
180 2777 395 2814 acceptum,
431 2765 478 2803 cf.
498 2778 530 2810 ι,
551 2773 591 2812 8,
611 2780 639 2805 ι.
660 2781 715 2812 o.,
753 2779 816 2805 aut
837 2770 988 2808 variatio
1016 2769 1209 2818 quaedam.
