1712 3117
117 129 180 163 vx
400 103 402 105 ’
645 116 1109 179 ΕΡιετοιΑ;

117 227 317 281 dationes,
347 243 449 283 quae
473 243 547 285 per
572 234 693 274 Notas
726 234 769 274 in
798 232 1016 274 Herodiani
1048 242 1172 283 opere
1198 227 1365 271 subinde
1392 242 1639 286 comparent.

117 287 226 327 Talis
255 288 487 340 amplitude,
519 301 558 329 et
583 288 781 331 doetrinae
807 288 992 330 scientiae
1015 302 1094 342 que
1127 286 1301 340 profufio
1329 290 1479 342 potius,
1520 305 1642 345 quam

119 342 273 396 largitio
295 357 413 396 atque
437 347 758 394 communicatio,
785 361 986 399 nunquam
1006 346 1102 385 mihi
1121 346 1163 385 in
1181 343 1319 392 scholis
1341 346 1442 387 meis
1461 346 1640 389 adamata

116 400 175 441 est
195 411 237 440 et
257 400 437 441 adhibita„
492 403 647 444 Audisti
665 402 795 445 autem
816 414 857 444 et
874 407 938 445 Tu
958 415 1045 450 me,
1075 405 1210 442 Frater
1222 404 1409 457 Optime,
1437 415 1479 444 et
1499 418 1641 446 verum

117 469 186 496 me
205 458 312 511 loqui
338 457 523 512 agnoscis,
579 461 661 500 Sed
676 461 732 501 ibi
755 459 945 513 discipulis
968 459 1089 507 modo
1117 459 1290 508 breviter
1317 459 1642 517 sentent-iament-

118 526 240 566 pnuo,
272 526 314 554 et
332 529 522 568 quantum
540 514 623 568 satis
643 518 721 569 est,
754 530 797 558 ut
815 519 924 562 locus
941 518 1185 572 intelligatur
1203 517 1457 579 perspiciatur
1473 532 1570 572 quea,-
1594 531 1641 562 ac

117 582 181 610 res
207 571 309 621 eius,
341 571 479 619 verba,
510 572 657 627 singula
682 589 771 617 cum
800 575 960 625 iunctis,
989 572 1128 622 series,
1160 577 1281 616 virtus
1311 575 1525 627 rhetorica,
1553 587 1595 616 et
1610 575 1643 638 ‚fi

116 640 193 679 qua
212 628 293 667 alia.
352 629 438 668 Nec
463 630 562 670 abeo
580 631 633 670 ibi
654 632 700 680 ad
727 633 877 682 aliena,
906 645 1074 673 manens
1093 633 1136 672 in
1166 631 1385 674 neeefl'ariis
1416 644 1457 674 et
1479 634 1644 687 propin-

115 683 221 735 quis,
246 683 462 729 admiscens
491 700 570 739 que
595 689 714 728 modo
746 689 876 732 affinia
900 703 1040 744 pauca,
1073 702 1177 746 quae
1208 691 1362 750 copiam
1388 704 1432 732 ac
1458 691 1643 744 notitiam

113 740 387 782 vocabulorum
411 743 556 784 iuvent.
911 747 914 750 ’
1610 754 1615 760 ·

222 814 286 854 Ab
315 814 386 856 hac
412 828 545 867 autem
571 817 857 872 interpretandi
873 820 1070 863 brevitate
1089 835 1135 862 ac
1163 823 1289 864 veluti
1312 820 1549 875 parsimonia
1570 818 1643 876 dis-

115 868 205 911 eessi
222 868 311 912 sane
333 900 390 911 ...-
411 872 530 914 sentis
551 876 659 917 enim
681 889 722 918 et
747 876 851 932 ipse,
883 881 1044 930 Frater,
1071 900 1130 912 —·
1158 880 1201 920 in
1223 879 1401 921 editione
1421 876 1644 920 Herodiani

112 926 164 966 ad
185 929 472 983 longitudinem
490 943 530 972 et
550 934 703 986 copiam
731 949 859 987 prope
885 934 1136 984 immensam,
1168 950 1246 977 nec
1271 949 1406 986 tamen
1425 937 1499 983 ita,
1531 933 1642 989 quod

98 983 210 1024 >mihi
238 984 451 1040 fingerem,
483 987 534 1029 fic
559 991 824 1045 interpretem
852 992 1004 1035 debere
1038 991 1184 1034 versati
1210 1007 1562 1047 unumquemque,
1595 1002 1643 1042 Ut

110 1040 265 1094 ubique,
282 1045 394 1089 unius
413 1045 592 1087 vocabuli
617 1049 804 1095 notiones
824 1048 1001 1090 effundat
1019 1064 1160 1090 omnes
1183 1049 1317 1099 fimul,
1348 1053 1574 1092 Gesner-um
1596 1049 1644 1091 in

98 1098 513 1143 ‘LatinisSchellerum
534 1117 583 1145 ve
603 1105 863 1158 compilando,
893 1121 938 1147 ac
956 1106 1066 1149 domi
1088 1119 1181 1149 ante
1203 1107 1342 1156 horam
1362 1119 1403 1149 et
1418 1107 1642 1148 lectionem

111 1152 372 1208 inspiciendo,
402 1171 467 1212 aut
493 1161 535 1201 in
560 1163 720 1204 Graecis
750 1162 939 1215 Stephani
963 1166 1026 1206 vel
1048 1165 1243 1217 Scapulae
1262 1165 1428 1212 Lexica,
1458 1174 1527 1215 ,ΜΠ
1546 1161 1642 1204 C01·

110 1211 309 1263 lectantem
341 1230 441 1268 quae
465 1219 629 1270 pararit,
659 1217 733 1259 sua.
793 1220 992 1261 Viderunt
1022 1235 1102 1274 que
1125 1222 1230 1262 reste
1260 1220 1551 1274 Ephemerides
1581 1218 1644 1260 Li·

111 1266 257 1320 plicae,
288 1286 369 1312 non
389 1273 539 1320 debere
564 1275 614 1325 fic
636 1290 775 1317 omnes
798 1278 991 1331 publicari
1014 1276 1223 1331 scriptores
1249 1290 1419 1319 veteres.
1480 1278 1568 1318 Nec
1593 1275 1643 1316 ti-

109 1325 246 1365 mendi
267 1326 351 1369 sunt
367 1330 581 1373 imitatores
603 1346 723 1387 atque
743 1333 951 1375 sefiatores
962 1351 974 1384 3
1005 1348 1083 1375 nee
1101 1339 1209 1376 volet
1231 1335 1319 1389 quis
1338 1336 1433 1375 alius
1451 1330 1533 1375 sese
1550 1346 1642 1389 pro-

111 1381 273 1423 trudere
291 1387 333 1425 in
362 1389 438 1428 tale
458 1389 683 1443 pistrinum,
716 1391 823 1445 quod
843 1391 1007 1445 Illustris
1029 1394 1214 1448 Heynius
1234 1391 1445 1447 aliquando
1463 1404 1538 1448 Per
1557 1390 1643 1444 ePi·

109 1436 247 1480 stolam
266 1441 315 1481 ad
336 1457 404 1493 me
426 1446 601 1499 vocabat.
1105 1457 1110 1460 ’

223 1498 300 1538 Sed
318 1513 339 1539 a
358 1514 471 1542 more
483 1504 690 1551 Ernestino
708 1521 799 1548 meo
821 1521 900 1561 que
919 1507 1081 1562 deflexi,
1113 1507 1233 1549 crede
1253 1505 1362 1557 mihi,
1389 1507 1527 1546 Frater
1541 1504 1640 1547 Dul-

93 1550 278 1604 tissime,
308 1557 469 1610 invitus,
502 1573 542 1602 et
564 1561 636 1608 hac
656 1563 791 1604 duetus
813 1563 923 1605 causa
943 1564 1156 1617 probabili,
1188 1577 1232 1605 ut
1249 1578 1340 1604 cum
1360 1563 1443 1614 aliis
1463 1572 1640 1602 commu·

110 1608 286 1655 nicarem
307 1627 462 1669 reperta
480 1631 502 1657 a
520 1631 598 1670 me,
630 1619 723 1660 dum
743 1620 897 1673 miseria
918 1619 1043 1662 semel
1066 1634 1107 1662 et
1131 1622 1311 1662 molestia
1330 1620 1427 1671 mihi
1449 1618 1640 1671 devoran-

112 1663 164 1705 da
191 1680 276 1709 erat
303 1671 390 1721 illa,
421 1685 463 1713 ut
491 1673 605 1727 super
630 1679 854 1726 Graecitate
880 1679 1123 1730 Herodiani²
1155 1690 1195 1720 et
1222 1678 1382 1733 {iugulis
1413 1676 1568 1728 verbis,
1596 1687 1640 1716 et

88 1719 292 1777 ,formulis
316 1727 473 1776 dicendi
495 1745 748 1788 quaererem,
778 1729 854 1784 nec
881 1729 922 1778 i'd
948 1735 1054 1777 forte
1074 1735 1215 1788 diebus
1243 1735 1426 1791 singulis,
1443 1731 1527 1775 ‚sed
1547 1746 1640 1788 pro-

110 1782 328 1830 pedeum
348 1786 545 1838 quibusvis
568 1788 684 1841 horis.
755 1794 890 1844 Quam
907 1795 1099 1847 temporis
1122 1794 1308 1845 iaffiuram
1338 1792 1479 1843 dolens
1503 1788 1642 1844 saepe,

111 1846 159 1898 ac
183 1834 298 1892 saepe
319 1839 471 1887 satiatus
491 1848 721 1898 quaerendo
747 1851 795 1899 ad
816 1850 1001 1891 nauseam
1021 1849 1169 1904 usque,
1201 1849 1339 1900 duravi
1358 1861 1513 1899 tamen»
1543 1860 1642 1900 ΨΟ·

111 1904 219 1933 mam
240 1898 492 1941 constantiam
512 1914 551 1943 et
573 1904 615 1944 in
634 1907 718 1946 aliis
741 1908 938 1956 amabam,
966 1915 1076 1958 meas
1097 1922 1176 1962 que
1197 1906 1314 1961 ipfiusv
1336 1906 1496 1959 110ἰίᾱὸ
1521 1904 1641 1958 adan·

111 1959 231 2002 gem,
261 1953 448 1998 inservire
472 1960 638 2001 aliorum
657 1964 873 2005 commodis
894 1962 1004 2019 poffe
1023 1979 1092 2007 me
1110 1965 1305 2019 putabam.

223 2025 288 2089 §ic
314 2041 431 2081 ergO,
469 2033 525 2072 mi
554 2036 712 2083 Frater,
752 2050 931 2085 revertor
958 2053 1031 2091 eo,
1069 2039 1181 2080 unde
1208 2038 1308 2086 abii,
1343 2047 1388 2078 ut
1419 2034 1641 2085 ostendam·

112 2090 218 2131 quae
235 2096 276 2121 m
292 2087 549 2132 multitudine
565 2105 657 2132 mea
673 2092 719 2133 ad
733 2093 1010 2136 Herodianum
1027 2094 1074 2146 fit
1093 2094 1350 2136 commoditas
1368 2093 1434 2134 vel
1443 2095 1544 2160 Τῑξᾶ,
1574 2092 1640 2131 vel

111 2136 290 2205 aliorlffm·
380 2139 441 2196 Μή
469 2162 513 2190 τι
543 2149 824 2206 συλλέγουσιν
857 2151 945 2198 ἀπό
977 2150 1181 2203 ἀκανθῶν
1213 2147 1439 2206 ςαφθλῆν»
1475 2165 1507 2212 ,³⁹
1546 2143 1640 2202 “3⁷53

109 2191 323 2252 τριβολων
351 2199 480 2250 σῧκας
698 2210 701 2213 ’

137 2305 145 2313 .
223 2253 380 2315 §cilicet
401 2258 622 2301 universum
650 2263 850 2304 consilium
874 2267 914 2306 in
934 2265 1112 2320 legendo
1139 2263 1326 2318 scriptore
1349 2260 1462 2317 prisci
1482 2274 1641 2319 tempo·

111 2318 166 2370 ris
183 2309 312 2361 aliquo
335 2315 510 2363 pertinet
534 2319 626 2358 illuc
648 2320 780 2367 modo,
809 2335 852 2362 ut
871 2323 1092 2362 hauriamus
1111 2322 1206 2362 inde
1227 2334 1311 2361 tum
1334 2335 1396 2361 res
1417 2332 1457 2360 et
1480 2317 1638 2360 senten·

110 2371 205 2412 nas,
237 2369 321 2405 tum
340 2369 460 2411 verba
480 2371 670 2424 formulas
689 2391 767 2428 que
790 2379 999 2432 loquendi,
1029 2391 1112 2427 tum
1132 2379 1309 2430 denique
1326 2376 1495 2417 formam
1515 2388 1639 2429 quam,

109 2417 200 2458 darn
225 2433 266 2461 et
290 2423 505 2479 imaginem
526 2433 721 2485 cogitandi
740 2446 859 2487 atque
878 2434 1088 2476 differendi
1109 2437 1173 2474 vel
1203 2447 1298 2481 ore,
1331 2435 1395 2474 vel
1414 2431 1577 2487 scriptis,

216 2499 301 2561 ‚Cui
322 2501 511 2546 desiderio
532 2520 575 2548 ut
595 2507 809 2554 satisfacere
829 2512 1034 2566 pommus,
1067 2525 1107 2556 et
1125 2524 1277 2559 textum
1297 2513 1526 2567 intelligere
1546 2509 1638 2553 scr-i·

109 2548 265 2617 herm&
296 2556 371 2598 hoc
401 2564 476 2609 est,
510 2566 683 2619 cogitare
705 2569 811 2608 idem
835 2584 922 2609 cum
950 2572 1042 2618 illo,
1070 2571 1200 2610 animo
1233 2584 1310 2623 que
1336 2569 1450 2610 nobis
1477 2568 1636 2624 fingere

111 2621 296 2671 ‘immnes
319 2616 480 2658 eanem
501 2630 636 2660 rerum
660 2636 705 2662 ac
722 2626 955 2677 verborum,
985 2639 1025 2669 et
1057 2625 1249 2667 ass'umere
1273 2626 1558 2681 cogitationum
1582 2622 1635 2665 se-

113 2675 211 2704 nem
236 2669 426 2712 eandem:
453 2678 578 2726 primo
609 2681 820 2731 requiritur
844 2693 975 2723 textus
996 2684 1125 2724 rectus
1147 2695 1188 2722 et
1215 2697 1352 2733 verus,
1384 2694 1504 2736 atque
1533 2681 1636 2722 adeo

109 2720 164 2769 is,
185 2724 259 2785 .‘³¹.²³
287 2724 331 2764 fit
350 2741 416 2769 aut
441 2732 487 2769 ab
509 2731 590 2784 ipso
618 2735 816 2789 profefflus
843 2736 1053 2792 scriptore,
1087 2751 1156 2779 aut
1181 2739 1414 2785 emendatus
1442 2748 1554 2786 Ceste
1575 2736 1641 2790 fic,

105 2787 150 2814 ut
182 2778 239 2817 isti
258 2792 347 2820 curn
366 2788 447 2824 veri
468 2785 596 2838 specie
616 2791 734 2830 tribui
755 2806 881 2845 queat.
1048 2794 1051 2797 ⁵
