1727 3157
137 126 198 171 16
277 124 447 173 LIBER
466 124 523 172 11.
554 127 678 173 CAP.
701 127 733 171 1.
773 117 823 171 A'.
849 127 903 171 V.
931 128 977 173 C.
1004 126 1125 183 946.
1171 127 1310 176 CHR.
1325 129 1390 177 N.
1412 140 1530 189 193.

124 237 286 307 νέμενον
318 241 364 303 k,
425 237 448 295 ἢ
491 234 570 291 ὃιοὲ
611 239 864 309 σεμνότητα
897 257 1084 313 propter
1153 250 1408 309 gravitatem
1483 253 1647 299 reveri-

125 312 401 384 αἰδούμενος,
453 314 477 374 33
509 318 563 373 ὡς
594 316 766 374 πένητα
798 338 867 374 τη·
903 334 995 381 tus,
1055 322 1143 372 five
1180 336 1231 372 ut
1270 342 1516 391 pauperem
1562 327 1643 374 ser·

120 393 275 465 ςῆσας.
368 391 427 446 ἦν»
450 392 545 463 γοὶξ
578 389 587 417 ¹
623 395 760 442 αὐτοῦ
789 392 866 442 καὶ
911 413 929 443 1
951 413 992 445 1.
1026 413 1147 447 vans.
1234 404 1341 448 Erat
1371 403 1490 448 enirn
1523 413 1567 450 et
1597 403 1644 450 id

120 471 251 521 τοῦτο
270 468 396 540 μέρος
418 471 499 518 τῶν
527 470 761 534 ὲγκωμιὶων,
790 469 865 529 ὅτι,
898 490 1001 540 pars
1034 476 1216 523 laudum
1246 479 1366 534 eius,
1401 477 1521 543 quod
1544 478 1644 544 plu-

209 588 245 632 Ἅι)
272 588 315 624 Μ.
334 592 389 625 Ra.
405 592 522 624 colon.
593 592 624 631 l)
650 593 686 625 B.
706 601 738 625 2.
759 593 793 625 L.
813 597 850 631 73
871 592 995 625 vitiose
1013 603 1031 625 e
1052 589 1271 637 compendio.

167 683 190 731 ἢ
210 690 264 726 διὰ
280 686 330 731 c.)
352 684 449 723 Infra
469 686 503 734 §.
517 697 575 722 20.
597 681 729 728 ἦλικίας
750 684 941 731 σεμνότητα
961 696 1082 723 vocat.
1110 681 1227 726 Leisn.
1279 686 1352 726 Hic
1372 686 1436 738 Bg.
1456 699 1478 727 e
1491 689 1530 727 P.
1551 696 1639 729 cuni

117 739 195 786 Stp.
216 736 288 773 Th.
312 749 346 773 v.
368 735 413 778 i.,
444 748 524 772 non
543 747 667 772 tamen
687 736 918 783 explicante.
945 736 1036 784 quid
1056 736 1118 778 fit,
1148 737 1210 774 sed
1234 744 1290 785 ap.
1313 739 1361 775 G.
1382 739 1458 775 Th.
1479 739 1557 776 fine
1569 741 1637 780 Gr.

117 788 188 834 ,‚2)
207 805 247 814 -·
265 784 419 822 firmitas
437 797 478 821 ac
500 784 704 820 constantia
727 785 865 828 animi,
891 795 932 822 et
952 786 991 821 in
1010 786 1129 828 vultu,
1154 787 1333 830 moribus,
1359 788 1498 831 verbis,
1526 791 1639 826 rebus

117 835 270 886 agendis
292 836 472 884 quaedam
501 835 689 875 severitas,
706 855 746 863 -
775 835 853 871 Cic.
875 835 921 871 de
943 834 1074 872 senest-
1094 845 1151 882 33.
1169 844 1209 870 ut
1227 834 1419 872 infirmitas
1433 846 1638 885 puerorum,

113 897 156 924 et
170 884 354 934 ferocitas
377 886 555 921 iuvenum
569 908 579 925 ,
612 894 648 920 et
668 884 825 932 gravitas
844 885 915 920 iam
944 884 1145 920 constantis
1167 885 1333 920 aetatis«
1357 885 1381 921 i.
1401 886 1540 930 viril-is,
1574 887 1637 924 sed

115 947 157 973 et
178 934 326 973 senilis.
361 946 433 982 qua
457 934 503 970 de
527 933 683 970 maxime
707 947 762 979 ap.
782 934 954 970 Nostrum
977 933 1064 970 alibi
1084 933 1292 979 usurpatur,
1317 943 1388 970 nec
1405 934 1521 971 modo
1536 935 1638 973 seve.

112 985 222 1026 ritas,
260 995 303 1021 ut
321 984 359 1020 in
379 985 438 1020 Cl.
461 983 538 1019 Cic.
559 994 598 1019 et
619 983 728 1024 Νὴ..
770 982 881 1019 nobis
902 981 1008 1031 Ernst
1036 982 1058 1017 s.
1079 982 1410 1032 Eryfihaftigkeit,
1446 984 1485 1020 in
1512 986 1636 1028 vultu.

112 1034 266 1076 fronte,
295 1032 411 1070 oculis
425 1057 434 1072 ,
466 1043 505 1068 et
524 1033 694 1068 sermone
709 1058 720 1076 ‚
746 1045 828 1068 cum
847 1032 1022 1069 abstineas
1045 1032 1159 1068 nimia
1179 1033 1367 1069 hilaritate
1386 1044 1426 1070 et
1445 1033 1635 1078 indeconu

110 1084 176 1122 sed
193 1083 306 1121 etiam
327 1081 479 1118 tarditas
497 1082 698 1129 quaedam,
723 1091 765 1118 ut
786 1082 968 1129 cogitata,
993 1080 1101 1116 verba
1123 1093 1161 1117 et
1183 1081 1348 1118 afflones
1371 1095 1420 1118 ne
1436 1095 1634 1130 properes,

108 1132 207 1170 nihil
237 1131 394 1169 celerius
422 1130 692 1179 cupidiusque,
725 1131 786 1167 sed
814 1130 939 1167 omnia
959 1130 1063 1167 lente
1083 1132 1323 1178 cogitateque
1344 1131 1481 1174 facias.
1515 1135 1632 1180 (quae

109 1195 192 1230 pars
211 1182 362 1230 proprie
381 1181 430 1217 est
451 1182 490 1217 in
509 1182 616 1217 rebus
637 1180 784 1229 physice
796 1181 995 1228 gravibus,)
1008 1191 1044 1215 et
1057 1179 1222 1227 denique
1233 1180 1436 1217 constantia
1449 1193 1634 1229 etaequa-

109 1232 254 1274 bilitas,
291 1243 376 1267 cum
397 1230 496 1266 idem
519 1230 662 1277 semper
679 1230 722 1266 sis
744 1241 782 1266 et
800 1229 924 1265 fimitis
946 1229 1013 1266 tibi
1027 1250 1038 1270 ‚
1064 1229 1189 1276 quoad
1209 1234 1249 1265 et
1268 1230 1433 1267 animum
1453 1242 1493 1268 et
1512 1243 1634 1267 exter·

107 1295 197 1320 nam
222 1279 406 1317 rationem
425 1292 575 1316 omnem
597 1280 788 1327 corporis,
826 1282 976 1321 vultus,
1010 1277 1214 1320 orationis,
1242 1278 1331 1320 rel„
1365 1291 1460 1326 quae
1479 1280 1632 1316 virtutis·

106 1343 194 1380 pars
217 1331 256 1366 in
280 1329 427 1366 senibus
448 1329 645 1376 praecipue
676 1329 874 1375 conspicua
902 1328 974 1368 est,
1006 1335 1049 1364 ur
1068 1339 1157 1373 pote
1179 1327 1255 1363 sine
1284 1327 1416 1364 aetatis
1439 1329 1631 1376 temporis

106 1393 183 1430 que
201 1379 485 1428 longinquitate
507 1379 585 1414 fere
604 1391 679 1414 nnn
705 1378 896 1423 parabilis;
934 1390 993 1414 me
1012 1377 1165 1425 quidem
1189 1376 1360 1424 capiente
1378 1376 1439 1414 hic
1458 1380 1522 1416 Gr.
1543 1391 1631 1417 cum

105 1433 223 1468 Vern.
243 1440 319 1465 vet.
339 1440 410 1476 pro
430 1428 619 1465 honestate
639 1427 661 1464 s.
685 1427 824 1463 virtute
846 1428 971 1467 omni3
1013 1439 1089 1473 quo
1114 1426 1218 1462 sensu
1239 1428 1320 1462 Lat.
1339 1429 1404 1474 Eg.
1435 1440 1514 1464 non
1545 1441 1630 1474 pro-

104 1479 235 1518 ferunt
255 1479 304 1514 G.
328 1478 402 1514 Th.
423 1479 479 1513 Cl.
500 1478 577 1513 Cic.
601 1489 639 1514 et
662 1480 698 1513 L.
720 1478 877 1517 Schell„
912 1477 972 1513 sed
998 1476 1143 1522 capitur
1163 1487 1315 1524 quoque
1334 1477 1407 1513 adi.
1431 1477 1560 1523 σεμνδς,
1586 1483 1630 1515 ut

105 1528 197 1567 alibi
227 1527 389 1567 ὀέξὶυιη,
435 1539 473 1563 et
504 1528 583 1574 capi
616 1527 728 1563 etiam
759 1527 876 1572 potest
906 1527 944 1561 in
975 1524 1182 1573 prioribus,
1223 1537 1299 1572 quo
1329 1523 1393 1562 hic
1421 1527 1629 1574 respicitur}

103 1578 234 1624 (etiam
254 1578 298 1613 ad
318 1589 428 1623 περιλ.
451 1576 489 1612 in
513 1573 548 1613 ἓν
567 1581 625 1613 οὐκ
646 1576 707 1613 dir.
729 1588 792 1623 per
813 1574 1269 1630 variationemquandam
1286 1587 1329 1610 ex
1346 1575 1627 1624 antecedente.)

103 1629 154 1665 cf.
174 1627 221 1663 ad
240 1625 307 1664 αἰδ.
334 1639 363 1668 r,
382 1631 415 1667 6,
441 1636 501 1662 21.
534 1635 573 1663 et
597 1626 721 1674 Capit.
748 1625 787 1661 in
812 1626 910 1662 Fert.
941 1637 972 1662 c.
992 1637 1045 1661 12.
1066 1638 1091 1660 ι.
1112 1637 1147 1672 p.
1171 1628 1251 1671 563.
1272 1624 1361 1671 fuit
1385 1624 1496 1662 senex
1521 1639 1628 1663 vene-

1540 1695 1551 1712 ο

102 1677 243 1716 rabili&

147 1727 189 1768 ὣς
207 1738 244 1763 οι».
264 1726 358 1771 τηρ.)
386 1723 470 1759 Sch.
499 1723 536 1760 in
558 1737 592 1761 ν.
619 1723 865 1772 „conservans
882 1723 921 1760 in
941 1722 1039 1766 vita,
1068 1720 1169 1770 sylb.
1189 1732 1342 1769 parcens
1360 1721 1426 1760 ei“
1453 1724 1515 1772 qui
1540 1731 1626 1770 prq-

100 1777 180 1826 prie
204 1775 242 1811 in
266 1775 347 1811 lnd.
369 1773 414 1810 {ic
435 1772 560 1814 dedit,
587 1776 861 1814 ‚‚conlervans‚
889 1772 912 1808 i.
935 1785 970 1820 p.
990 1773 1069 1808 ei.“
1095 1771 1158 1808 ubi
1178 1774 1241 1820 ssg.
1261 1773 1388 1810 severe
1408 1786 1472 1819 per
1491 1772 1623 1819 iimpl,

100 1825 237 1863 eodem
258 1823 364 1860 sensu
387 1835 424 1858 et
445 1824 509 1858 Gr.
532 1835 588 1871 ap.
614 1824 662 1858 G.
686 1823 760 1858 Th.
774 1846 784 1861 .
821 1834 970 1858 tacente
982 1823 1063 1868 Stp.
1082 1823 1152 1858 Th.
1176 1822 1263 1858 hinc
1283 1833 1322 1858 et
1340 1823 1386 1859 de
1407 1823 1475 1858 hac
1494 1823 1624 1859 notio-

98 1888 150 1913 ne
172 1883 205 1912 ν.
231 1886 316 1910 cum
335 1885 408 1909 acc.
432 1871 548 1919 pers..
577 1871 642 1920 qui
670 1870 730 1908 hic
749 1872 845 1908 abest
866 1870 904 1907 in
925 1871 1096 1918 oppreffo
1121 1883 1228 1917 pron.
1247 1870 1371 1913 αὖε-δυ,
1409 1884 1476 1918 pro
1507 1870 1625 1908 {inere

99 1926 229 1962 vivere
245 1935 284 1959 et
302 1934 381 1959 non
404 1921 591 1961 occidere,
617 1926 709 1969 (quo
729 1920 831 1957 sensu
853 1933 892 1959 et
910 1920 1014 1957 fimul
1037 1934 1089 1966 pr.
1111 1926 1176 1957 κῐᾶ.
1197 1920 1433 1967 capiendum,
1464 1933 1624 1957 concur-

97 1973 268 2011 rentibus
282 1971 332 2008 ita
345 1984 408 2018 per
421 1972 563 2018 copiam
578 1971 653 2018 syn.
665 1970 837 2007 affinibus
850 1982 932 2006 cum
947 1983 1002 2016 pr.
1016 1974 1072 2007 οὔκ
1082 1967 1222 2016 insse-r.)
1235 1982 1305 2006 nec
1323 1968 1365 2006 L.
1382 1971 1468 2007 Ern.
1486 1969 1533 2006 sic
1552 1983 1623 2006 no.

96 2021 271 2061 minatim
291 2020 516 2068 explicante,
541 2031 752 2066 quanquam
766 2032 831 2066 per
842 2020 938 2056 Latt.
953 2018 1013 2056 illa
1034 2021 1207 2065 cumStp.
1221 2044 1232 2059 ,
1259 2030 1354 2067 quae
1365 2026 1404 2056 et
1418 2019 1621 2062 sufficiunt.

97 2085 186 2109 cum
209 2078 362 2120 quoque
379 2069 572 2106 sumantur
591 2081 659 2115 pro
681 2069 863 2105 reservare
875 2080 913 2105 et
924 2067 1111 2109 affervaoe,
1135 2068 1248 2105 nobis
1268 2068 1511 2113 aufbehalten‚
1540 2080 1618 2118 quo

93 2121 266 2160 sensuw.
292 2121 347 2156 dr.
372 2118 419 2155 de
441 2117 530 2166 pers.
551 2117 637 2155 alibi
662 2129 749 2155 cum
778 2130 828 2164 pr.
859 2123 925 2160 εἰς,
958 2129 1003 2154 ut
1031 2117 1070 2153 in
1092 2118 1142 2154 N.
1159 2118 1229 2156 T..
1264 2119 1323 2154 vel
1345 2129 1429 2154 cum
1448 2119 1522 2156 dat.
1551 2119 1618 2161 rei„

93 2170 146 2209 cf.
167 2168 257 2207 Krb.
279 2166 366 2205 Obs.
387 2179 517 2216 p.410.
533 2166 559 2204 i.
587 2173 626 2205 et
645 2167 750 2204 Suid.
775 2180 805 2207 1,
827 2174 907 2211 878.
930 2179 997 2207 m.‚
1025 2179 1121 2212 quae
1139 2165 1211 2202 sola
1233 2167 1375 2213 reperi,
1408 2167 1483 2204 huc
1500 2167 1618 2214 perti·

90 2219 250 2260 nentia,
294 2215 360 2255 ubi
387 2215 580 2259 existimo,
625 2214 810 2264 quandam
834 2216 911 2252 Lat.
934 2214 1089 2257 subesse.
1126 2228 1163 2252 et
1192 2214 1359 2263 ellipsin,
1394 2228 1505 2265 quam
1528 2217 1618 2255 Sch.

38 2294 42 2297 »
91 2270 278 2318 explebat,
307 2268 392 2314 ἐντῇ
404 2268 497 2314 ζωῇ,
518 2266 576 2302 vel
589 2265 661 2302 dat.
676 2265 1067 2312 s.2bl.s01iusrfi{w›,3‚
1094 2264 1319 2312 it.adi.<wo*v
1333 2278 1398 2302 etc.
1432 2308 1435 2310 .
1461 2267 1617 2314 Utpau-

89 2327 220 2368 perem
238 2328 364 2354 autem
386 2328 464 2352 non
485 2315 646 2352 interfici
671 2315 835 2354 iusserit,
874 2315 960 2362 quia
987 2323 1110 2350 morte
1136 2315 1213 2350 eius
1231 2315 1329 2353 nihil
1348 2314 1439 2352 lucri
1463 2326 1501 2351 et
1521 2313 1618 2352 divi-

90 2367 228 2406 tiatum
255 2365 501 2407 accresceret,
537 2375 692 2413 propter
718 2376 813 2412 quae
837 2363 945 2400 occifi
975 2363 1036 2398 alii
1067 2363 1195 2411 supra,
1228 2377 1264 2399 v.
1290 2375 1320 2405 1,
1338 2373 1372 2408 8,
1391 2378 1427 2409 4.
1485 2366 1615 2411 ltaque

87 2416 265 2466 poffimus
285 2426 411 2451 carere
431 2415 697 2451 emendatione
716 2413 840 2450 Leisn.
870 2415 909 2449 in
930 2422 979 2449 tn.
998 2414 1068 2449 Ox.
1097 2414 1198 2461 ‚‚leg.
1220 2414 1266 2457 pen*
1285 2409 1430 2455 &sxa-ac«
1455 2421 1533 2449 non
1551 2426 1613 2449 ve-

87 2467 215 2507 ritus,¹
246 2466 349 2512 quod
378 2473 417 2500 et
444 2461 688 2501 tautolooiam
721 2475 838 2510 prope
869 2462 982 2499 faciat
1009 2470 1095 2499 cu'm
1122 2465 1258 2510 ριαῖδ.
1309 2465 1370 2500 De
1391 2460 1475 2499 aliis
1497 2459 1612 2500 causis

88 2514 220 2553 servati
244 2512 448 2550 Pertinacis
473 2513 522 2550 cf.
543 2495 688 2551 Scssott.
710 2513 731 2548 Ι.
745 2513 770 2549 Ι.
791 2524 825 2558 p.
840 2524 896 2548 12.
914 2523 946 2548 e.
1382 2556 1385 2558 q

131 2565 300 2611 μὲςος.τ.)
325 2564 407 2598 Sch.
428 2562 555 2599 severe
583 2574 666 2598 cum
687 2565 752 2610 Bg.
776 2561 815 2597 in
833 2579 871 2607 μ.
885 2587 895 2603 ,
930 2569 1079 2597 tacente
1097 2561 1177 2606 Stp.
1195 2560 1292 2602 Th..
1326 2560 1389 2600 ubi
1405 2575 1439 2606 μ.
1461 2560 1610 2607 tropice

83 2621 154 2663 pro
174 2625 311 2662 genere
330 2613 350 2651 s.
375 2611 496 2658 specie
515 2612 635 2660 capias
649 2638 658 2655 ‚
687 2623 729 2647 ut
747 2612 850 2653 Lat.‚
877 2609 988 2646 <iusto
1011 2608 1183 2646 vocabuli
1205 2610 1308 2647 sensu
1330 2624 1351 2646 e
1368 2608 1504 2648 scholis
1526 2611 1612 2646 rhe-

85 2671 236 2706 torum,
266 2661 330 2709 qui
350 2662 502 2708 proprie
523 2672 644 2708 partes
667 2660 866 2708 classesque
883 2660 1034 2695 laudum
1055 2658 1207 2695 habent.
1267 2661 1466 2696 Caeterum
1487 2658 1569 2695 fere
1586 2666 1609 2696 e'

81 2714 122 2751 Ρ.
152 2716 316 2749 mutatur
333 2723 350 2745 a
366 2713 427 2758 Bg.
443 2715 534 2749 ordo
558 2711 808 2758 Ρτοιι.αῠτοῦ,
831 2709 996 2747 aNostro
1007 2707 1146 2745 remoti
1167 2707 1302 2745 asubst.
1324 2706 1608 2758 praepositique

80 2768 237 2813 propter
263 2757 490 2799 laevitatem.

1725 1629 1727 1649 l
