1717 3082
445 94 745 142 EXCVRSVS
780 97 863 142 AD
892 96 1038 144 LIBR.
1072 99 1149 144 lv.
1415 116 1548 165 1071

0 219 1 226 ¹
45 212 143 264 δῆλον.
160 213 197 248 δὲ
220 207 263 247 τὲ
289 210 436 266 μξγςθσς
461 211 528 248 τῶν
547 211 655 249 κακῶν
681 217 744 248 τῶν
764 218 946 256 γενομένων
964 217 1106 256 ἐκείνοις·
1131 216 1169 249 οὔ
1188 219 1257 261 γὰρ
1277 227 1309 253 Α.
1328 216 1392 253 W·
1412 228 1472 261 77,
1492 230 1553 266 47.

46 258 163 296 cladis
182 269 297 295 autem
318 259 418 297 illius
436 260 641 310 magnitudo
663 273 707 298 ex
727 274 762 297 eo
783 261 1024 309 perspicitur,
1051 266 1145 312 quod
1160 265 1223 300 rel.
1246 277 1329 302 cum
1351 267 1501 313 punsto.

145 322 284 358 Verum
307 321 497 369 exempla,
525 322 589 358 ubi
619 322 832 359 enunciatio
854 323 970 372 prima
995 335 1122 362 teneat
1145 326 1294 374 aliquod
1319 328 1388 366 adi.
1411 343 1551 369 merum

47 369 126 410 fine
153 369 285 410 subst.,
313 370 525 408 subiicimus
551 371 662 414 haec,
688 372 792 409 Polb.
824 385 858 415 2,
883 383 962 419 341.
982 373 1005 410 i.
1040 374 1082 413 τὲ
1109 378 1143 412 δὲ
1173 378 1209 417 δὴ
1237 382 1368 415 πάντων
1399 385 1552 424 μέγιςον,

47 419 110 463 ,ἴδη
134 425 204 466 γὰρ
223 440 263 448 —-
282 429 363 465 φησὶ
385 432 417 456 Λ.
445 420 614 458 omnium
642 433 729 457 vero
753 421 1042 460 absurdiffimum
1063 424 1111 473 est
1135 425 1216 462 hoc.
1263 427 1331 462 Ait
1357 430 1421 463 rel.
1448 429 1486 464 it.
1507 428 1550 465 ls.

45 470 136 508 Pan.
159 471 220 505 W.
240 473 301 512 69,
322 482 379 507 20.
403 472 500 512 δῆλον
522 473 557 508 δὲ
575 473 714 510 ἐκεῖθεν.
740 477 770 508 οἱ
795 475 864 518 τὰς
884 484 917 510 Α.
941 485 1006 519 per
1027 475 1091 509 Vs.
1114 473 1361 518 liberrimam,
1387 476 1446 513 sed
1467 490 1555 516 cum

47 520 135 556 colo
155 532 212 567 ap.
233 520 332 556 Mor.
353 532 388 567 p.
413 533 472 566 ²9·
495 519 518 554 l.
541 525 576 555 6.
605 531 645 556 et
668 520 789 557 Thuc.
816 532 870 562 ιο,
896 532 951 566 3¹·
979 526 1089 566 {xe-132<
1113 526 1147 560 δὲ
1167 520 1361 569 ιἰφικὸμενοι
1389 532 1489 574 μάχῃ
1519 532 1554 564 ὖ-

46 575 237 616 ιιςᾶτηαν.
267 572 362 612 δῆλον
383 572 428 607 δέ.
456 570 498 605 τὸ
516 573 586 616 ¹73⁶?
603 581 635 607 λ.
662 570 849 617 postquam
868 580 985 607 autem
1005 571 1049 607 ad
1071 584 1194 621 agrum
1213 573 1419 611 Troianum
1444 586 1556 625 appu-

46 620 181 658 lerunt,
206 618 331 668 hostem
353 619 496 666 proelio
515 621 693 661 vicerunt,
723 619 795 655 hoc
813 629 930 656 autem
948 620 998 656 est
1013 621 1248 672 manifestum,
1274 634 1345 659 nec
1362 625 1455 662 em’m
1474 626 1556 670 rel„

45 667 112 706 ubi
136 668 234 706 reste
253 669 333 716 Stp.
355 667 434 716 post
464 674 530 715 ἐκς.
551 669 671 705 voluit
695 667 881 716 punfmm.

147 717 324 766 Denique
352 718 542 765 exempla,
567 718 630 754 ubi
653 719 693 754 in
719 718 983 756 enunciatione
1005 719 1120 766 prima
1144 720 1321 760 habeatur
1341 722 1456 760 solum
1477 736 1558 759 vei·-

47 768 137 806 bum
165 765 262 805 finiti
292 766 497 815 temporis,
520 767 607 805 sunt
635 767 714 810 illa,
742 780 798 815 ap.
817 767 973 806 eundem
995 770 1117 806 Thuc.
1141 782 1199 815 95,
1218 776 1273 816 65.
1297 775 1474 816 σκέψασθε
1501 777 1552 811 δέ.

47 824 78 856 εἴ
103 823 172 865 γὰρ
194 829 224 855 λ.
253 816 300 853 cf.
331 819 456 854 Bauer.
485 816 581 854 Phil.
606 829 640 865 p.
666 827 745 860 158.
768 831 814 853 m.
839 830 921 862 297.
940 832 973 857 e.
1003 819 1042 855 it.
1062 831 1118 866 ap.
1139 819 1220 869 Lys.
1251 821 1292 858 R.
1314 823 1380 857 Or.
1401 824 1445 858 V.
1466 834 1495 867 5.
1517 835 1555 870 p.

49 872 133 916 364.
156 867 182 904 i.
211 863 349 910 δηλώσει
375 870 422 904 δέ.
451 862 627 911 οἰχήσεται
645 871 716 913 ’γὰρ
735 867 841 905 &vi-talu
857 880 890 904 Α.
917 880 999 905 cum
1023 870 1069 904 N.
1091 879 1129 905 et
1145 869 1220 906 1nd.
1243 871 1289 906 V.
1309 875 1342 907 6.
1362 884 1398 918 p.
1420 883 1502 915 927.
1520 884 1555 909 e.

50 929 132 954 tum
164 929 220 964 ap.
242 918 335 953 Xen.
360 917 415 953 M.
437 918 472 952 S.
496 928 529 957 1,
551 928 586 957 2,
608 926 665 963 32.
691 912 836 959 ἐδήλωσε
860 921 907 955 δέ.
935 921 1004 955 ἐπεὶ
1030 922 1100 963 ’γὰρ
1120 930 1151 954 λ.
1176 919 1238 955 ubi
1269 933 1304 956 v.
1334 922 1385 957 N.
1413 920 1478 962 Z.‚
1512 930 1556 957 ut

49 967 158 1016 super
175 965 384 1003 universum
407 965 588 1002 orationis
609 965 655 1001 fic
672 966 819 1002 iunRae
841 979 957 1014 genus
977 969 1136 1003 eundem
1159 967 1202 1002 ad
1223 969 1315 1005 Xen.
1333 970 1381 1006 de
1402 982 1443 1005 re
1462 970 1557 1016 Equ.

53 1029 154 1063 ¹0⁵4·
173 1027 212 1053 et
226 1029 310 1053 cum
329 1014 492 1052 Bach.ad
511 1017 572 1063 Sy.
585 1027 619 1061 4,
635 1027 690 1059 17.
703 1016 799 1051 Mor.
819 1019 862 1052 ad
883 1016 923 1052 Is.
945 1018 1030 1053 Pan.
1051 1029 1086 1064 p.
1099 1029 1158 1062 49.
1174 1019 1293 1066 N.e.)‚
1320 1019 1406 1067 vig.
1419 1032 1455 1066 p.
1474 1029 1555 1064 139.

49 1079 133 1104 cum
160 1067 208 1106 N.
228 1065 319 1102 Bud.
341 1067 383 1102 C.
407 1076 490 1110 921,
509 1064 535 1101 i.
560 1075 656 1111 1375,
680 1077 737 1109 27.
757 1065 835 1111 Stp.
857 1065 931 1102 Th.
954 1076 989 1113 3,
1008 1069 1090 1109 763.
1115 1069 1159 1103 A.
1179 1080 1212 1103 e.
1237 1080 1271 1104 v.
1297 1083 1373 1113 σημ.
1393 1079 1434 1104 et
1459 1083 1560 1111 τεκμ.

49 1118 98 1155 ib.
128 1129 161 1164 p.
193 1120 296 1162 1365.
315 1117 378 1156 F..
411 1113 474 1163 qui
499 1125 640 1161 pauper
671 1114 709 1150 in
732 1126 765 1150 v.
793 1131 936 1162 μαρτυρ.
969 1128 1004 1156 2,
1024 1127 1105 1160 795.
1126 1117 1195 1159 D.,
1217 1127 1260 1153 ut
1283 1117 1329 1152 de
1357 1117 1474 1165 ellipfi
1496 1117 1560 1155 vel

51 1179 159 1215 pron.
179 1166 335 1202 alicuius
355 1165 395 1200 in
417 1176 499 1212 gen.
515 1190 525 1206 ,
553 1164 614 1200 vel
634 1163 735 1200 verbi
756 1163 859 1200 subst.
881 1166 920 1202 L.
939 1167 1020 1201 Bos.
1040 1177 1073 1211 p.
1097 1175 1176 1212 339.
1211 1179 1292 1203 cum
1308 1167 1404 1204 Dev.
1426 1179 1459 1213 p.
1477 1178 1559 1206 102.

50 1230 100 1254 m.
123 1226 161 1252 et
178 1228 243 1264 per
263 1213 425 1263 aliquam
440 1215 502 1250 Vs.
523 1212 603 1250 Ind.
618 1214 726 1249 Dem.
749 1227 784 1249 v.
803 1228 906 1258 σημ.,
933 1215 990 1251 cui
1011 1215 1091 1251 add.
1114 1226 1195 1262 320,
1218 1229 1273 1260 24.
1297 1226 1382 1264 359,
1400 1226 1452 1261 13.
1476 1226 1558 1262 372,

53 1279 111 1313 15.
141 1277 222 1312 525,
243 1277 296 1311 ¹7·
333 1275 372 1301 et
392 1276 457 1312 per
483 1262 590 1299 subst.
615 1259 813 1309 τεκμήριον,
839 1264 942 1311 quod
962 1263 1041 1300 Ind.
1061 1263 1171 1312 plane
1196 1265 1364 1314 ignorat,
1391 1270 1475 1310 617,
1504 1278 1561 1302 12.

49 1315 94 1355 it.
113 1327 170 1360 97,
188 1327 246 1351 22.
275 1313 382 1353 α’ίτιον
412 1315 446 1350 δὲ
473 1309 612 1349 τούτων·
645 1308 895 1358 παρεσκεῦασεν
921 1311 1004 1357 duae
1024 1325 1054 1350 λ.
1080 1313 1141 1350 ubi
1171 1314 1305 1351 iterum
1334 1316 1373 1351 in
1400 1315 1561 1352 secunda

50 1364 322 1404 enunciatione
340 1363 440 1399 nulla
461 1363 593 1409 copula
612 1362 773 1402 causalis,
795 1374 836 1397 ut
857 1362 963 1408 supra
985 1375 1040 1409 ap.
1054 1364 1149 1404 Ael„
1177 1376 1214 1399 er
1236 1364 1370 1400 iterum
1389 1377 1445 1412 ap.
1461 1364 1558 1401 Phil.

49 1428 86 1464 p.
108 1427 189 1460 755.
217 1426 251 1449 e.
278 1410 329 1452 ἔςι
356 1413 397 1454 δ’.
425 1417 453 1449 εἰ
477 1410 531 1453 καλ
550 1410 687 1460 μικςδς,
712 1409 788 1448 ἀλλ’
811 1414 847 1447 οὖ
870 1413 990 1456 ,amede
1008 1415 1133 1457 δεῖγμα
1154 1419 1338 1455 κακονοίας.
1364 1417 1430 1451 τῶν
1453 1419 1559 1459 uas-i·-

47 1480 118 1511 γων
135 1477 169 1503 Λ.
202 1476 268 1511 per
287 1464 353 1498 Vs.
375 1460 620 1502 liberrimam,
645 1459 695 1495 cf.
730 1473 786 1506 ap.
812 1460 979 1497 laudatos
1006 1473 1155 1508 quoque
1174 1464 1339 1510 exempla
1365 1476 1431 1510 per
1449 1462 1558 1504 subst.

50 1513 143 1557 alia,
164 1525 203 1552 et
222 1511 394 1549 universe
414 1509 507 1560 quid
526 1509 568 1547 in
595 1509 779 1548 scribendi
801 1510 897 1546 hanc
915 1510 1099 1548 rationem
1121 1511 1223 1560 supra
1248 1525 1278 1555 1,
1303 1524 1359 1559 14,
1379 1523 1415 1561 3.

701 1593 745 1626 4,
777 1589 840 1627 ¹3⁴·
871 1588 905 1620 8·

244 1638 295 1676 ἵνα
319 1640 357 1680 δὴ
384 1641 428 1682 μῆ
454 1640 567 1674 πάντα
590 1633 651 1673 τδν
683 1633 807 1680 teani-a
835 1631 954 1682 σκῦλς.

146 1705 207 1743 Ad
242 1705 344 1739 hunc
371 1703 496 1739 locum
524 1702 691 1738 dabimus
719 1701 865 1749 primo,
907 1712 1003 1749 quae
1029 1701 1222 1740 nobiscum
1254 1702 1343 1741 olim
1374 1704 1559 1746 benevole

50 1753 342 1795 communicavit
359 1754 590 1794 LoesneruS,
618 1749 800 1787 Professor
821 1749 984 1796 Lipficae
1004 1751 1223 1788 Academiae
1251 1753 1380 1802 Longe
1408 1757 1558 1795 Doffis.

52 1808 182 1846 fimus,
207 1801 382 1840 omnibus
410 1814 502 1851 que,
528 1802 666 1837 Graeca
695 1800 754 1835 vel
777 1799 1003 1842 scientibus,
1027 1801 1085 1836 vel
1110 1801 1338 1845 amantibus,
1364 1804 1404 1840 in
1429 1806 1560 1851 primis

52 1867 155 1894 carus
174 1853 293 1891 cultus
313 1863 399 1900 que.
447 1870 475 1891 ³,
490 1852 539 1887 Ex
558 1850 704 1898 Sigism.
725 1849 863 1887 Frider.
883 1848 1039 1898 Drefigii
1059 1848 1310 1887 differcatione
1333 1852 1560 1903 philologica

51 1909 94 1944 de
113 1917 201 1943 vera
226 1901 366 1938 notione
384 1901 489 1937 verbi
514 1897 649 1937 Σκείλλω
678 1910 747 1936 etc.
779 1898 1032 1946 respondente
1054 1900 1130 1935 loh.
1153 1901 1273 1936 iacob.
1295 1902 1421 1946 Bolfo,
1446 1905 1559 1952 Lipfi..

51 1955 141 1996 ensi,
170 1952 319 1990 tandem
331 1949 605 1987 Archidiacono
627 1947 828 1984 Thomano
848 1948 942 1996 Lips.
964 1959 1065 1994 1734.
1087 1961 1122 1996 p.
1144 1959 1200 1996 34.
1252 1951 1410 1988 Herodi.
1432 1965 1465 2001 3,
1484 1959 1556 2004 (4,)

57 2015 114 2053 ¹3·
128 2014 146 2047 g
166 2023 205 2032 ·-
223 2013 337 2050 quem
355 2001 479 2037 locum
490 1999 658 2047 Angelus
672 1998 877 2035 politianus
896 1998 946 2034 ita
962 1999 1086 2038 vertit.
1112 2009 1154 2034 ut
1173 1999 1295 2041 verba,
1323 2001 1366 2038 ad
1386 2014 1480 2051 quae
1496 2019 1556 2043 re-

52 2054 254 2105 speximus,
282 2051 390 2097 plane
409 2049 586 2087 omiserit.
611 2068 649 2076 -
701 2048 830 2084 Paullo
851 2047 985 2084 melius
1006 2047 1167 2084 reddidit
1183 2049 1394 2095 Stephanus
1415 2056 1559 2103 Bergle-

50 2118 114 2144 rus
135 2104 173 2140 in
192 2101 363 2139 nondum
383 2098 482 2135 edita
503 2097 710 2135 Herodiani
733 2109 830 2132 nova
849 2096 1170 2143 interpretatione,
1184 2109 1276 2144 quae
1296 2100 1445 2146 preffius
1465 2105 1559 2143 sem-

50 2167 117 2206 per
139 2163 287 2203 graem,
313 2161 421 2198 quam
445 2147 663 2189 politianus,
686 2146 866 2194 sequitur.
894 2145 943 2183 ita
966 2157 1088 2182 autem
1111 2147 1231 2182 habet.
1283 2149 1476 2189 „Distabat
1493 2167 1560 2193 au-

51 2217 127 2243 tem
149 2203 192 2240 ab
211 2201 303 2238 urbe
319 2197 501 2246 templum
520 2196 681 2245 longius,
707 2196 756 2233 ita
775 2206 818 2232 ut
837 2194 980 2232 itineris
1001 2207 1174 2242 apparatu
1195 2208 1289 2243 opus
1311 2197 1406 2237 esset.
1460 2204 1559 2242 Cum

51 2252 244 2302 equitibus
271 2247 388 2297 igitur
416 2246 564 2295 paucis,
592 2258 641 2282 ne
663 2245 804 2282 scilicet
829 2254 966 2281 totum·
983 2244 1186 2281 exercitum
1214 2259 1384 2289 vexaret,
1411 2250 1484 2289 iter
1507 2267 1556 2290 eo

51 2301 232 2342 faciebat,
261 2310 324 2338 ut.
350 2298 414 2334 ubi
444 2294 668 2333 sacrificasset
694 2295 803 2335 deae,
828 2301 1123 2333 reverteretur.“
1174 2295 1352 2341 Qamvis
1379 2311 1467 2336 vero
1493 2302 1557 2340 hic

52 2349 214 2401 Bergleri
230 2374 240 2392 ,
263 2349 379 2384 Henr.
401 2346 630 2392 Stephanum
650 2344 749 2381 forte
775 2343 913 2383 secuti,
942 2356 1027 2379 mox
1055 2343 1201 2379 citando
1227 2346 1314 2380 loco
1336 2344 1558 2396 interpreta-

53 2402 132 2442 tio,
155 2410 227 2448 qua
247 2396 353 2445 σκῦλῃ
374 2394 540 2433 reddidit
560 2406 625 2441 per
645 2402 821 2435 vexaret,
848 2393 998 2429 tolerari
1022 2391 1158 2439 poffet,
1183 2405 1376 2440 propterea
1396 2399 1501 2445 quod
1519 2421 1559 2432 .-

50 2451 204 2488 verbum
233 2459 323 2484 vexo
344 2457 402 2494 ap.
425 2444 581 2481 Latinos
601 2443 714 2479 etiam
735 2441 924 2479 interdum
947 2442 993 2478 de
1018 2440 1154 2478 itinere
1176 2444 1402 2487 collocatur,
1429 2458 1557 2488 tamen

48 2500 168 2538 nostra
190 2495 375 2534 sententia
394 2492 525 2530 clarius
545 2492 606 2529 hic
627 2492 732 2528 locus
753 2502 979 2533 verteretur,
1007 2504 1049 2526 ne
1071 2500 1181 2526 totum
1199 2493 1394 2529 exercitum
1404 2496 1560 2546 fatiga-

49 2559 119 2587 ret.
170 2547 275 2584 Alter
294 2546 398 2581 locus
417 2540 625 2580 Herodiani
644 2541 801 2577 habetur
823 2554 859 2585 7,
884 2550 916 2586 3,
941 2549 974 2581 8.
995 2541 1087 2585 (ιο.)
1112 2538 1237 2583 σκύλοις
1259 2546 1294 2579 δὲ
1320 2541 1375 2585 καὶ
1403 2544 1555 2592 ὑβρίσας,

50 2602 178 2645 φυγαῖς
200 2591 220 2636 ὃ
248 2599 405 2635 &marm
435 2595 587 2639 ἐζημίου.
658 2590 839 2638 Turpiter
862 2592 921 2625 hic
948 2589 1021 2625 sese
1047 2591 1152 2627 dedit
1172 2591 1307 2627 iterum
1329 2592 1555 2641 politianus,

46 2649 138 2685 illud
163 2642 291 2685 exu'mz:
317 2655 489 2680 vertens,
518 2639 708 2687 spoliatos,
747 2640 807 2676 sed
841 2650 1071 2686 repugnante
1108 2640 1274 2686 analogia
1306 2646 1555 2689 grammatica,

43 2696 145 2742 quod
166 2695 299 2731 vitium
321 2693 392 2729 iam
416 2689 562 2728 notavit
580 2690 619 2725 in
638 2704 685 2725 eo
705 2690 754 2726 H.
774 2689 980 2737 Stephanus
1000 2688 1039 2722 in
1052 2689 1176 2735 praef.
1196 2691 1251 2724 ad
1265 2690 1410 2729 Herodi.
1425 2705 1554 2739 p.457,

40 2747 137 2786 Yam.
162 2754 194 2791 3.
221 2744 320 2780 frid.
341 2741 525 2791 §fylburgii
549 2739 725 2787 scriptor.
750 2739 847 2775 Rom.
874 2737 1004 2774 Graec.
1019 2739 1148 2773 minor.
1172 2749 1211 2773 et
1239 2739 1318 2776 Ioh.
1341 2741 1481 2780 Boilius
1507 2746 1560 2781 nd
