1722 3086
100 162 132 212 9
146 161 171 207 3
188 162 214 195 2
285 144 462 194 LIBER
482 144 562 192 IV.
595 143 720 192 CAP.
735 142 857 189 VIII.
881 142 936 189 A.
950 142 1008 189 V.
1028 142 1207 205 0968.
1241 143 1459 195 CHRN.
1473 150 1588 212 21'5.

106 288 175 319 σιν
200 264 449 337 ἐξαιξέτως.
486 259 569 315 δύο
598 259 695 334 γοέξ
721 264 882 313 ταῦτα
927 282 1009 325 17.
1034 280 1254 317 nerantur
1292 273 1488 334 egregie.
1549 277 1660 322 Duo

106 343 496 416 ὑπεξῧαλλόυτως
534 355 557 378 ¹¹
607 346 879 411 πξοςεποιεῖ·
919 347 1041 393 enim
1083 345 1163 393 ista
1192 349 1238 394 in
1275 351 1436 414 primis
1474 367 1583 416 prae
1617 350 1660 399 se

107 445 181 484 το,
206 422 282 478 τήν
307 442 354 471 τε
377 423 455 470 τοῦ
479 417 592 471 θεοῦ
613 417 878 491 &gno-nefarii,
916 423 1114 482 ferebat,
1155 425 1223 473 dei
1247 427 1365 473 illius
1392 427 1663 490 religionem

107 499 182 566 nai
205 501 280 557 τήν
303 499 381 549 τοῦ
402 495 736 570 ἤξωοςμνῆμην.
778 497 881 547 {aoc-
921 513 965 549 et
996 501 1147 550 herois
1185 507 1467 553 memoriam.
1518 508 1664 554 Heca·

107 577 293 646 τᾶμβας
315 576 363 628 τὲ
387 575 455 628 οὖν
487 573 658 626 κελεύει
683 587 703 610 o
725 594 882 647 παξα-
918 579 1096 628 tombas
1135 582 1272 643 igitur
1307 581 1434 631 iubet
1479 599 1662 650 compa-

109 654 435 711 σκευασθῆναι
502 651 766 721 ἐναγιςμούς
809 662 881 703 ’τε
920 659 1012 706 rari
1044 669 1087 706 et
1116 658 1468 708 inferiasomne
1499 677 1660 723 genus.

200 792 245 829 n)
276 793 342 822 Ms.
364 789 420 821 Ba.
455 789 703 832 ὕπερβκλόντως,
729 796 768 820 ut
795 792 829 832 3,
853 793 908 823 ιι,
928 789 961 823 8.
1007 786 1091 820 Mox
1124 785 1217 819 idem
1242 785 1347 821 habet
1372 787 1479 821 colon
1508 787 1584 832 post
1606 801 1662 836 ης.

111 835 152 881 ο)
178 838 311 869 κελεύειν
332 837 460 868 ed..sss.
478 844 508 869 1.
526 845 604 867 cum
622 835 672 870 85.
692 843 725 868 2.
751 833 791 866 R.
816 829 990 865 mendose.

108 950 361 989 veneratione
380 947 547 986 colffin
564 959 642 998 quo
661 960 747 985 cum
769 960 802 985 v.
826 954 899 995 σεβ.
927 959 993 996 per
1015 947 1165 997 analog.
1186 946 1326 992 modo,
1354 946 1403 984 cf.
1426 949 1544 987 Diod.
1565 950 1603 987 S.
1625 961 1662 994 1,

112 1010 197 1051 328.
215 1003 243 1039 l.
269 1005 325 1049 63.
354 1007 395 1038 τὸ
415 1006 603 1046 τέμενος-
626 995 812 1045 τιμώμενον
829 998 893 1036 ὑπὸ
911 1005 979 1036 τῶν
996 1002 1171 1045 ἐγχωρίων
1198 994 1448 1045 διαφεςᾶντως,
1476 1000 1582 1048 quod
1604 1012 1663 1038 re-

108 1052 242 1104 ligiose
263 1053 465 1092 honorant,
502 1059 542 1086 et
566 1048 668 1100 Virg.
689 1052 735 1087 A.
767 1063 824 1092 ιι,
844 1058 930 1094 785.
960 1062 1061 1098 quem
1090 1048 1201 1098 primi
1232 1051 1401 1093 colimus,
1438 1051 1502 1089 ubi
1530 1053 1660 1102 Heyn.

111 1102 347 1152 „praecipue
366 1100 468 1138 inter
487 1111 680 1139 caeteros,
709 1099 747 1137 in
780 1100 956 1149 primis«
1493 1133 1501 1137 .

158 1157 216 1191 δύο
235 1155 322 1200 γὰρ)
352 1153 486 1189 Libere
506 1151 546 1187 P.
561 1149 602 1188 in
622 1156 713 1199 γὰρ,
741 1164 762 1187 e
785 1163 863 1198 quo
887 1152 950 1198 lig.
973 1149 1014 1187 in
1029 1148 1154 1206 (φιλ,
1184 1149 1235 1188 cf.
1260 1159 1292 1198 3,
1309 1160 1434 1194 11,8.,
1461 1163 1542 1188 non
1565 1152 1662 1191 item

36 1210 40 1213 “
111 1206 154 1242 in
174 1217 207 1240 ν.
227 1220 310 1251 πφ,
337 1204 442 1252 quod
461 1214 547 1238 cum
569 1215 624 1251 pr.
647 1201 788 1238 acl-,naid
808 1200 957 1248 analog.
983 1200 1179 1250 iungitur,
1208 1211 1253 1238 ut
1275 1214 1363 1239 mox
1386 1204 1443 1249 3?-
1466 1215 1551 1240 cum
1572 1214 1663 1253 gen.

111 1254 272 1297 obieffi,
304 1253 355 1290 cf.
378 1253 417 1290 L.
438 1253 487 1289 N.
510 1253 558 1288 T.
587 1263 626 1290 et
649 1253 696 1289 G.
715 1252 792 1290 Th.
813 1249 855 1289 in
879 1250 987 1290 subst.
1008 1253 1073 1303 Bg.
1100 1263 1140 1289 et
1159 1263 1192 1288 v.
1215 1253 1345 1289 cultus.
1397 1252 1471 1291 Sed
1491 1253 1533 1290 in
1555 1254 1660 1291 artic.

112 1307 177 1345 τοῦ
199 1307 234 1344 9.
257 1307 320 1352 Bg.
343 1302 390 1340 de
412 1302 477 1340 suo
499 1302 706 1351 perspicue.

161 1350 382 1400 ἔκκτέμβας)
409 1353 580 1390 Priorem
602 1351 635 1400 §.
657 1365 742 1389 cum
760 1351 829 1388 hac
851 1351 1016 1400 iungens
1029 1351 1093 1394 1³..
1114 1350 1263 1390 sustulit
1284 1352 1394 1389 binas
1412 1352 1478 1391 hic
1497 1354 1663 1402 particu-

114 1406 191 1447 las,
225 1405 288 1442 sed
318 1407 382 1451 ΒΕ.
403 1403 516 1441 solam
538 1409 602 1443 τὲ,
632 1415 719 1439 cum
746 1413 873 1439 tamen
893 1402 1057 1438 habeant
1082 1402 1164 1439 Lat.
1186 1414 1266 1439 non
1296 1403 1412 1440 modo
1434 1403 1499 1440 illa
1533 1402 1659 1440 affinia

114 1467 224 1507 atque
242 1457 350 1496 adeo,
381 1466 513 1490 verum
532 1453 644 1490 etiam
664 1452 858 1495 severum,
887 1450 991 1501 Virg.
1009 1452 1054 1488 A.
1079 1466 1112 1494 2,
1141 1457 1221 1496 567.
1241 1452 1314 1489 iam
1338 1464 1412 1501 que
1438 1455 1528 1490 adeo
1551 1453 1660 1500 super

113 1521 206 1547 unus
227 1519 350 1547 eram,
375 1504 425 1542 cf.
446 1505 495 1542 G.
517 1504 595 1541 Th.
616 1516 674 1551 97,
694 1506 752 1547 65.
774 1503 876 1552 sqq.,
900 1502 1033 1549 (nobis
1049 1502 1164 1539 etiam
1182 1505 1260 1538 und
1273 1502 1388 1540 daher
1415 1502 1441 1540 s.
1462 1505 1541 1540 und
1553 1501 1659 1553 offo.)

108 1560 162 1597 ·ad
183 1568 295 1605 quam
327 1555 473 1604 analog.
497 1553 620 1590 forsan
640 1553 812 1590 scribitur
838 1553 922 1595 hic.
949 1564 993 1589 ut
1013 1551 1120 1590 simul
1147 1551 1193 1588 ad
1215 1554 1282 1590 Gr.
1307 1555 1334 1592 δ’
1354 1550 1431 1596 οὖν,
1458 1555 1563 1603 quod
1584 1567 1659 1591 ma.

112 1610 205 1650 lim,
234 1619 344 1656 quam
378 1604 552 1653 suspicari
574 1603 839 1641 confusionem
860 1601 1086 1640 litterarum.
1138 1603 1180 1639 ln
1200 1603 1250 1652 sq.
1273 1615 1318 1640 ex
1344 1603 1492 1655 analog.
1519 1604 1660 1642 iterum

115 1660 232 1698 modo
263 1657 302 1694 in
327 1670 362 1693 v.
387 1672 471 1703 παρ.
501 1667 588 1692 cum
616 1654 721 1691 subst.
753 1653 830 1696 ἕκ.,
859 1665 935 1702 quo
967 1652 1035 1695 de,
1063 1665 1210 1701 praeter
1243 1653 1442 1702 Stp.Th.,
1469 1654 1520 1692 cf.
1542 1654 1658 1704 Hesy.

111 1710 196 1749 Ind.
219 1708 337 1756 Orph.
366 1705 487 1744 Hesd.
511 1706 691 1754 Theogn.
721 1705 847 1742 Feith.
880 1705 970 1741 Ant.
991 1704 1041 1740 H.
1066 1716 1102 1751 p.
1129 1707 1190 1750 65.
1215 1702 1292 1753 sq.,
1321 1705 1369 1743 ad
1394 1704 1437 1741 L.
1457 1706 1543 1743 Bos.
1565 1708 1659 1742 Ant.
1721 1728 1722 1733 =

114 1762 183 1799 Gr.
209 1772 243 1808 p.
266 1764 322 1805 36.
346 1758 415 1795 Nr.
434 1765 490 1799 8.,
517 1757 563 1793 ad
587 1756 681 1793 Poll.
711 1768 741 1796 ι,
769 1759 829 1792 26.
852 1754 902 1792 N.
925 1762 985 1795 81.
1009 1754 1115 1790 Fabr.
1134 1754 1334 1792 Bibl.Ant.
1356 1767 1391 1802 p.
1412 1760 1499 1801 496.
1523 1768 1595 1798 m„
1613 1754 1660 1792 ad

113 1812 205 1849 Luc.
232 1823 264 1850 1,
284 1818 367 1855 875.
396 1807 429 1844 b.
447 1805 495 1848 i.,
520 1806 682 1845 Schmid.
702 1806 747 1843 ad
769 1804 924 1843 Heliod.
948 1814 981 1851 3,
1008 1816 1036 1840 r.
1058 1817 1093 1853 p.
1112 1817 1193 1848 171.
1209 1805 1258 1842 N.
1277 1818 1313 1853 4.
1331 1805 1464 1843 G.Th.
1491 1814 1575 1843 cum
1589 1806 1662 1842 ca.

115 1860 227 1910 pitol.
251 1862 298 1896 T.
322 1872 354 1895 2.
379 1871 414 1906 p.
447 1869 525 1903 ¹52·
546 1870 579 1894 e.
610 1855 780 1893 libellum
801 1867 877 1904 que
898 1854 1046 1892 editum
1070 1855 1207 1891 Ultrai.
1235 1868 1340 1901 1775·
1366 1856 1411 1893 ab
1432 1856 1661 1893 Hermanno

113 1910 304 1961 Royaardc
324 1910 370 1947 de
391 1906 638 1945 emendandis
657 1907 754 1954 plur.
774 1917 869 1943 vett.
890 1906 954 1941 scr.
977 1906 1044 1942 Gr.
1060 1905 1157 1947 loc„
1184 1907 1224 1943 in
1247 1906 1351 1944 cuius
1372 1918 1404 1942 c.
1423 1920 1459 1953 4.
1483 1907 1662 1955 epheme-

115 1961 217 2000 rides
238 1961 458 1998 indicarunt
478 1970 635 2006 quoque
664 1955 963 2005 disputationem
993 1954 1065 1992 else
1088 1955 1200 2002 super
1220 1956 1478 1999 hecatombis,
1503 1969 1661 2003 quarum

114 2010 401 2061 ephemeridum
436 2007 617 2046 summam
645 2005 810 2055 excerpfi
839 2007 937 2043 hanc
969 2004 1206 2047 „sententias
1228 2006 1276 2043 de
1305 2006 1362 2044 his
1390 2007 1463 2044 effe
1484 2006 1589 2050 istas,
1615 2018 1660 2045 ut

113 2063 262 2105 fuerint
280 2071 344 2098 aut
362 2070 517 2096 centum
540 2060 669 2098 boum.
696 2068 760 2095 aut
782 2068 938 2095 centum
958 2055 1074 2093 modo
1097 2055 1252 2104 pedum,
1277 2057 1302 2094 s.
1325 2056 1465 2108 viginti
1487 2067 1527 2094 et
1549 2058 1662 2106 qu‘in·

113 2125 191 2163 que
214 2110 497 2161 quadrupedum
523 2108 740 2146 animalium
756 2133 768 2152 ,
803 2118 867 2145 aut
894 2106 1011 2144 modo
1037 2105 1280 2157 magnificum
1308 2105 1552 2151 sacrificium,
1577 2118 1662 2147 nou

112 2163 213 2202 finiti
230 2160 482 2199 animantium
511 2159 683 2200 numeri,
709 2168 774 2196 aut
800 2156 1040 2200 sacrificium,
1069 2157 1242 2194 constans
1263 2169 1419 2194 centum
1442 2157 1589 2202 numis,
1617 2157 1661 2196 in

113 2214 251 2264 quibus
275 2212 396 2258 imago
411 2210 529 2247 boum
547 2208 729 2258 impressa,
757 2209 860 2257 quod
881 2219 1000 2258 genus
1020 2207 1246 2255 postremum
1267 2206 1368 2245 reste
1387 2207 1565 2245 reieRum
1585 2207 1661 2245 effe

114 2266 162 2304 ab
185 2264 255 2301 illo
279 2261 449 2304 ambiere,
478 2259 544 2309 qui
576 2271 647 2296 nec
676 2269 809 2307 putet,
836 2260 1065 2296 vocabulum
1083 2270 1128 2295 ex
1160 2256 1287 2296 t‘xareiv
1307 2269 1346 2295 et
1367 2262 1447 2305 βοῦς
1466 2256 1659 2304 compofi-

114 2327 221 2355 tum,
246 2312 308 2352 sed
339 2312 490 2348 duffium
511 2310 557 2345 ab
585 2309 801 2356 ἕκᾶτσμβος,
832 2309 856 2345 i·
881 2320 917 2356 q·
950 2307 1136 2355 ἕκᾶτσμος,
1166 2319 1210 2344 ut
1230 2309 1325 2346 adeo
1352 2307 1518 2353 ἑκά-τομᾶς
1545 2309 1658 2348 θυσία

115 2365 160 2404 fit
178 2365 202 2402 i.
222 2376 258 2413 q.
285 2365 392 2401 θυσία
421 2364 484 2398 τοῦ
510 2360 679 2402 Ἐκάέου,
706 2360 730 2397 i.
751 2373 784 2396 e.
807 2356 1029 2407 sacrificium
1050 2356 1267 2407 Apollinis,
1298 2358 1407 2408 quia,
1440 2370 1657 2407 quanquam

112 2416 283 2454 oblatum
308 2411 487 2449 omnibus
508 2410 580 2447 diis
601 2409 718 2448 fuerit
740 2407 1018 2447 recentioribus
1047 2408 1304 2457 temporibus,
1333 2413 1460 2445 tamen
1481 2405 1526 2446 fit
1547 2421 1658 2446 vero·

113 2465 244 2507 fimsse,
271 2464 308 2501 id
328 2461 508 2506 abjmitio
530 2459 780 2498 vetustissimis
793 2471 868 2508 que
888 2457 1127 2507 temporibus
1149 2469 1300 2496 tantum
1320 2458 1495 2506 Apollini
1517 2457 1661 2496 factum

114 2517 207 2558 ess‘e;
234 2523 449 2553 caeterum,
476 2525 498 2549 e
527 2510 663 2561 quibus
689 2509 945 2546 animantibus
971 2508 1206 2552 constiterit,
1231 2521 1312 2546 non
1342 2507 1493 2546 definiri
1522 2507 1657 2556 poffe“
1703 2536 1710 2541 .

113 2566 266 2604 ferente
301 2562 383 2601 lnd.
408 2563 552 2598 Stroth.
580 2560 668 2597 Chr.
703 2581 731 2602 ς,
742 2559 830 2597 eine
861 2557 1101 2602 Hekatombe,
1143 2558 1207 2595 ein
1245 2559 1389 2609 grosses
1424 2557 1656 2605 feyerliches

113 2615 284 2665 Opfer.“
336 2613 378 2649 ln
400 2611 452 2661 sq.
471 2616 514 2650 ἐν.
537 2610 709 2658 Stp.Th.
727 2622 812 2647 cum
835 2610 900 2654 P„
926 2621 1010 2646 non
1029 2608 1122 2646 item
1146 2611 1232 2658 eg„
1254 2610 1373 2658 quod,
1403 2620 1448 2646 ut
1465 2620 1520 2656 pt.
1541 2607 1654 2647 {aad

111 2666 226 2704 deum
249 2660 431 2710 Serapim,
471 2661 662 2709 pertinere
689 2661 839 2698 videtur
863 2658 1025 2697 maxime
1052 2659 1099 2695 ad
1126 2660 1384 2696 Alexandrum
1412 2659 1592 2701 heroem,
1615 2667 1657 2695 et

109 2712 310 2754 constitisse
330 2712 392 2749 vel
422 2711 493 2748 illis
517 2710 686 2760 partibus
705 2709 960 2752 viffimarum,
994 2722 1090 2758 quae
1119 2709 1294 2747 manibus
1322 2709 1565 2751 secabantur,
1591 2707 1654 2744 vel

108 2765 157 2803 fic
175 2764 284 2802 dietis
305 2761 540 2804 incruentis,
566 2760 809 2797 libaminibus
837 2770 876 2797 et
897 2758 1022 2797 suffitu
1036 2785 1047 2803 ,
1070 2758 1121 2796 cf.
1146 2759 1284 2808 Hesy..
1313 2770 1393 2795 non
1415 2758 1501 2795 coll.
1523 2757 1652 2799 Suida,

104 2815 152 2852 ad
168 2813 292 2853 Schol.
305 2814 394 2849 Eur.
417 2811 562 2849 Phoen.
580 2810 709 2847 Valck.
734 2823 771 2859 p.
787 2813 871 2856 645.
892 2810 940 2848 N.
964 2821 1022 2854 77.
1046 2810 1187 2857 Spanh.
1206 2810 1251 2846 ad
1274 2809 1367 2845 Call.
1387 2808 1425 2846 h.
1444 2808 1485 2845 in
1507 2807 1653 2846 L.1’an.

101 2879 138 2903 v.
161 2877 242 2910 ¹07·
262 2861 416 2901 Ruhnk.
436 2862 478 2901 L.
496 2861 592 2900 Plat.
617 2872 655 2912 p.
676 2871 738 2909 73.
757 2860 869 2901 Salsu.
888 2861 936 2899 ad
957 2859 1112 2910 Vopisc.
1136 2860 1183 2896 T.
1197 2871 1232 2896 2.
1254 2862 1388 2907 p.616.
1408 2870 1440 2896 a.
1463 2869 1497 2895 e.
1522 2855 1645 2902 Feith.
