1717 3082
412 111 718 160 excvRsvs
749 113 837 158 AD
871 93 1020 158 ΗΒΚ.
1049 112 1130 157 111.
1439 125 1532 172 795

34 218 95 269 '⁴¹52
119 231 192 278 Ψῖερ
210 226 276 268 ὖπδ
298 233 469 277 Tembrion
486 224 592 270 τᾶτε,
619 224 698 266 οἶῖτε
717 225 782 264 ὖπὸ
801 223 951 273 tressera
978 225 1094 274 ὅςερσν
1115 222 1198 270 ἕλω,
1225 228 1335 265 καίτοι
1353 226 1409 270 um?
1429 241 1540 264 κατα-

14 275 189 327 βαλὸντων
215 286 299 326 uben
319 284 393 316 τινὰ
419 282 480 316 τοῦ
507 284 645 324 τείχους
670 280 788 318 αὐτῆς.
847 276 899 313 Ex
925 276 1068 313 ultimis
1094 275 1220 314 verbis
1249 275 1540 314 luculentiffime

17 341 146 379 patet,
172 330 338 366 Dionem
360 328 407 366 de
427 329 557 366 eadem
581 329 673 363 urbe
693 339 734 362 ac
754 328 910 375 regione
931 326 1059 374 loqui,
1092 327 1138 362 de
1158 337 1232 374 qua
1256 325 1321 373 ipsi
1344 327 1382 362 in
1399 327 1539 362 Severo

19 389 61 418 et
79 379 204 416 nostro
223 379 261 415 h.
281 377 306 416 l.
325 377 445 416 sermo
465 378 527 416 est.
580 378 710 418 Quare
732 389 856 425 neque
877 379 923 413 de
946 377 1036 413 urbe
1066 378 1224 425 quadam
1251 376 1385 423 Ἀγᾶςα
1415 376 1452 412 in
1477 377 1541 413 ln-

19 428 80 467 dia
105 427 191 470 fita,
227 439 353 474 neque
377 427 424 464 de
443 426 598 474 ’Λγὰρξα
628 425 779 464 Persidis
811 425 985 468 civitate,
1019 437 1177 473 quarum
1207 425 1385 463 meminit
1414 426 1542 463 Ptole-

18 490 172 519 maeus,
200 478 467 526 cogitandum;
502 477 561 513 sed
585 476 732 524 potius,
759 488 844 513 cum
873 476 994 524 postea
1027 475 1103 521 ipse
1126 476 1203 511 Dio
1225 476 1264 511 in
1288 477 1427 512 Severo
1449 487 1542 525 geu-

20 531 100 566 t'em
120 529 284 564 Atrenos
305 527 490 575 appellet,
516 538 554 562 et
576 526 613 562 in
634 526 707 563 hoc
726 526 812 562 loco
835 538 904 572 pro
923 524 1008 563 falsa
1033 525 1220 567 lenione,
1243 525 1415 572 Ἀτρηνοῖς
1440 523 1542 562 resti-

19 578 205 618 tuendum
235 576 294 612 est.
374 576 448 613 Sed
484 576 634 623 Ἀτςηνοὶ
659 587 811 660 <guoque
839 576 953 622 Ἀτςοὶ
991 573 1166 622 appellati
1201 574 1389 611 videntur.
1461 571 1544 611 Nili

20 628 124 665 enim
147 626 272 663 omnia
291 638 352 662 me
373 625 521 668 fallunt,
545 625 591 662 de
615 624 658 661 iis
690 639 747 662 em
766 626 939 674 loquitur
957 624 1179 661 Bardesanes
1199 638 1255 672 ap.
1271 624 1399 662 Euseb.
1413 624 1544 670 Praep.

20 678 89 715 Εν.
106 676 130 714 l.
150 680 185 712 6.
218 688 250 712 c.
274 687 328 712 ιο.
349 680 380 714 ἐν
406 678 559 722 'Ar-3074,
587 681 603 712 ὅ
630 682 781 714 κλέπτων
809 691 842 713 τι
870 673 992 721 ὀβολοῦ
1021 671 1110 721 ἄξιον
1142 677 1336 723 magea-m.
1388 674 1547 710 Notissi-

23 738 128 764 mum
149 737 252 763 certe
273 726 343 767 est,
368 725 547 762 maiorem
568 725 800 772 nusquamin
822 736 991 761 veterum
1014 722 1158 772 scriptis
1176 723 1407 772 deprehendi
1428 723 1547 760 varie-

20 786 140 815 tatem
158 787 268 823 quam
293 775 337 811 in
358 774 560 811 scribendis
582 775 728 812 urbium
748 787 787 811 et
808 772 1006 822 regionum
1020 800 1028 813 .
1058 772 1270 821 praesertim
1298 784 1389 809 vero
1418 773 1547 810 orien-

22 826 157 862 talium
179 823 420 865 nominibus,
447 836 542 872 quae
562 825 665 860 vario
686 826 800 862 modo
820 824 980 873 quisque
999 823 1044 860 ad
1064 823 1163 860 suam
1183 822 1347 872 linguam
1366 820 1548 859 transfor.

21 887 124 912 mare
153 872 307 912 solebat.
363 875 490 916 Quare
512 873 624 910 etiam
649 887 738 912 vero
768 874 865 911 haud
893 872 1056 911 absimile
1084 873 1154 915 est,
1192 875 1357 910 Atrenos
1388 872 1546 910 eosdem

22 922 131 961 fuisse
155 935 243 958 cum
271 922 467 960 Atramitis
492 935 655 971 quorum
690 924 835 962 mentio
864 922 908 960 fit
937 936 995 971 ap.
1017 924 1117 960 Plin.
1145 923 1224 959 hist.
1253 923 1302 960 N.
1331 934 1387 964 12,
1411 934 1467 966 14.
1501 934 1548 960 ae

23 973 155 1019 Steph.
174 973 266 1021 Byz.
290 972 384 1009 alios
404 985 477 1019 que
493 972 705 1020 scriptores.
753 976 866 1010 Certe
886 972 989 1021 quod
1010 971 1157 1010 Plinius
1178 972 1249 1014 ait,
1277 982 1394 1008 totam
1419 971 1548 1021 regio-

19 1033 110 1059 nem
133 1021 328 1059 montibus
349 1021 524 1058 inclusam
539 1048 548 1063 ‚
573 1035 613 1057 ac
634 1023 754 1070 ipsum
777 1021 942 1071 regionis
964 1034 1077 1070 capnt
1101 1022 1138 1058 in
1169 1020 1307 1060 excelsa
1328 1034 1419 1066 rupe
1450 1020 1549 1068 post-

21 1082 105 1109 tum
130 1070 261 1112 fuisse,
283 1070 389 1118 quod
417 1082 492 1117 que
512 1071 716 1118 Dionysius
736 1072 879 1122 Perieg.
902 1071 949 1109 de
970 1085 1010 1108 ea
1032 1071 1125 1109 dicit
1143 1092 1182 1100 -
1209 1068 1256 1113 οἷς
1284 1075 1338 1110 ἐπὶ
1359 1075 1446 1116 γαῖα
1472 1081 1557 1109 Xon-¹

20 1127 147 1167 τμμὶς
167 1125 281 1158 ἐνναίει
302 1126 504 1158 κατενάντια
526 1127 688 1168 Περσίδος
710 1123 806 1167 αἴης,
829 1134 914 1159 cum
938 1121 1146 1159 Herodiani
1168 1119 1419 1167 descriptione
1442 1132 1550 1170 egre-

21 1170 83 1219 gie
110 1168 305 1206 convenit.
356 1171 609 1208 Chatramitae
628 1184 754 1209 autem
777 1172 822 1208 ab
840 1171 1062 1209 Hatramitis
1090 1170 1114 1206 s.
1138 1168 1356 1212 Atramitis,
1383 1182 1548 1218 quorum

22 1219 155 1255 urbem
177 1219 422 1267 Geographus
443 1220 641 1258 Nubiensss
667 1221 903 1257 Hadramuth
932 1220 1117 1268 appellat,
1158 1232 1237 1256 non
1260 1218 1390 1256 diversi
1421 1219 1547 1257 fuere.

22 1268 98 1305 Sed
122 1267 169 1305 de
195 1267 253 1304 his
274 1279 362 1304 ante
383 1282 517 1306 omnes
536 1270 692 1307 videndi
714 1270 905 1307 Salmasius
926 1270 1021 1307 Plin.
1044 1268 1203 1306 Exercit.
1225 1281 1263 1316 p.
1283 1281 1332 1304 m.
1363 1279 1445 1315 347.
1469 1269 1549 1317 sqq.

21 1327 66 1355 et
81 1317 285 1354 Bochartus
304 1318 454 1368 phaleg.
475 1328 514 1354 et
536 1321 627 1355 Can.
646 1320 672 1356 l.
686 1333 719 1356 2.
740 1332 772 1357 e.
793 1333 849 1365 17.
870 1320 947 1367 sqq.
1001 1321 1202 1356 Caeterum
1223 1316 1271 1355 d‘e
1290 1318 1461 1356 universa
1480 1320 1551 1357 hac

19 1367 149 1405 Severi
166 1366 416 1416 ‘expeditione
433 1368 561 1418 legisse
577 1366 814 1416 Xiphilinum
836 1370 1029 1407 neminem
1047 1368 1275 1417 poenitebit.

86 1446 131 1488 ff)
156 1447 202 1480 Ex
222 1447 288 1479 hoc
318 1447 420 1485 loco,
443 1449 501 1491 qui
528 1449 713 1490 proverbio
739 1449 853 1482 similis
878 1450 1034 1485 videtur,
1070 1447 1183 1480 forsan
1209 1447 1400 1480 confirmari
1428 1449 1553 1490 posset,

137 1493 329 1525 coniectura
348 1493 480 1531 nostra,
508 1496 669 1535 quamtin
694 1496 828 1536 Eclogis
849 1496 890 1527 ad
912 1493 1093 1528 Theocrit.
1120 1502 1180 1530 21,
1199 1501 1253 1534 15·
1286 1492 1553 1537 proposuimus=

132 1548 259 1580 nempe
277 1538 461 1579 legendum
478 1539 541 1571 effe
567 1542 666 1576 οὐδεὶς
691 1542 716 1572 ὃ“
734 1543 764 1573 οὗ
787 1543 902 1584 χύτραν
931 1540 994 1579 εἶχ’
1017 1540 1048 1571 οὖ
1075 1541 1154 1577 xm&
1180 1552 1208 1570 κ.
1228 1546 1262 1571 λ.
1395 1539 1525 1573 Stroth-

117 1614 191 1652 His
220 1613 372 1651 accedat
393 1626 440 1651 ex
461 1614 556 1651 Cell.
580 1628 618 1653 n.
639 1628 673 1650 o.
693 1628 725 1652 a.
748 1627 784 1658 2,
802 1620 884 1661 625.
915 1627 1035 1662 prope
1061 1623 1144 1650 tota
1173 1610 1207 1658 ᾗ,
1229 1624 1290 1660 4²·
1350 1612 1552 1653 „Ammia-

22 1677 95 1703 nus
123 1666 150 1700 1.
172 1675 230 1709 ας.
256 1676 287 1699 c.
308 1668 363 1701 26.
382 1663 467 1701 Val.
491 1673 547 1707 8.,
583 1664 689 1701 addit
715 1663 896 1712 superiori
932 1660 1227 1709 Mesopotamiae
1257 1661 1446 1700 castellum
1481 1664 1552 1706 Ur,

0 1712 1 1762 l
24 1716 126 1752 inter
147 1713 284 1761 Tigrin
308 1724 349 1750 et
372 1712 520 1750 Nisibin
548 1713 731 1761 positum,
767 1716 874 1762 quod
893 1712 1068 1749 nonnulli
1106 1713 1160 1747 Ur
1189 1712 1446 1749 Chaldaeorum
1471 1724 1554 1748 cre..

0 1767 1 1802 i
25 1764 125 1800 dunt
145 1764 225 1799 esse.
250 1783 288 1792 -
337 1761 490 1799 Deinde
511 1764 692 1804 Hatram,
723 1774 831 1799 vetus
859 1762 1067 1810 oppidum,
1093 1760 1134 1797 in
1155 1761 1279 1798 media
1301 1760 1463 1808 positum
1491 1761 1553 1798 so.

0 1809 1 1850 ἶ
24 1812 208 1854 litudine,
236 1811 367 1849 itidem
395 1810 498 1849 inter
517 1812 746 1859 superiorem
766 1811 902 1861 Tigrin
927 1823 967 1850 et
985 1809 1131 1847 Nisibin
1147 1835 1157 1852 ‚
1180 1810 1285 1857 quod
1306 1810 1492 1847 Traianus
1510 1820 1553 1850 et

0 1871 1 1881 ¹
24 1864 184 1899 Severus
205 1860 356 1898 diversis
381 1862 614 1907 temporibus
634 1861 776 1903 adorti,
811 1874 897 1898 cum
925 1859 1151 1898 exercitibus
1180 1872 1300 1904 paene
1321 1859 1435 1897 deleti
1467 1859 1553 1898 fue-

24 1912 117 1950 rint.
178 1911 303 1948 Situm
329 1910 408 1958 ipse
439 1911 486 1947 fic
515 1912 738 1948 Ammianus
760 1910 971 1957 descripsit,
1009 1921 1126 1958 quum
1153 1909 1289 1958 Tigrin
1315 1909 1552 1957 superiorem

24 1961 200 2000 Iovianus
228 1973 314 1996 cum
338 1959 508 1998 exercitu
540 1959 758 1997 traiecisset:
789 1969 1025 2009 properantes
1054 1959 1247 1995 itineribus
1273 1960 1415 2006 magnis
1436 1969 1553 2008 prope

25 2013 182 2050 Hatram
200 2011 361 2048 venimus
378 2032 418 2040 —
437 2010 503 2047 rel.
558 2011 661 2046 Hinc
689 2009 834 2056 aliquot
862 2009 1004 2045 dierum
1030 2006 1230 2045 itineribus
1254 2010 1308 2044 ad
1328 2010 1382 2043 Ur
1414 2010 1556 2045 nomine

24 2059 210 2098 Persicum
229 2073 359 2097 venere
377 2059 569 2110 castellum,
588 2059 654 2106 qui
677 2060 782 2095 cibos
801 2057 981 2095 emaciato
1002 2056 1185 2094 exercitui
1209 2057 1417 2094 adferrent.
1446 2058 1553 2097 Tum

26 2109 179 2148 demum
203 2109 362 2157 profec‘li
384 2109 471 2147 sunt
491 2109 660 2151 Nisibin,
686 2119 724 2145 et
745 2108 834 2144 inde
856 2108 900 2143 ad
914 2108 1154 2157 Euphratem.
1200 2108 1261 2143 De
1278 2105 1431 2143 Traiani
1451 2106 1554 2144 obfi-

27 2160 146 2197 dione
163 2158 384 2207 Xiphilinus
400 2172 448 2196 cx
467 2158 596 2194 Dione
616 2169 747 2204 prave:
771 2161 804 2200 ἐς
820 2163 881 2198 τ’ῆν
898 2157 1062 2203 Ἀραβίαν
1088 2158 1174 2198 ἦλθε
1194 2155 1250 2199 καὶ
1267 2159 1339 2197 τοῖς
1360 2160 1554 2202 Αγκςηνοῖς

25 2213 243 2256 &exstet-rr,
276 2208 463 2257 profeHvs
493 2208 532 2244 in
559 2209 763 2249 Arabiam,
807 2207 989 2256 Agarenis
1015 2206 1138 2242 bellum
1166 2206 1306 2242 intulit.
1380 2208 1556 2252 Ατρηνοῖς,

27 2261 204 2301 Auernis,
230 2257 254 2294 s.
277 2259 456 2295 Hatrenis
468 2256 634 2294 Valesius
661 2256 706 2292 ad
728 2258 913 2294 Ammian.
941 2255 1038 2292 refse
1066 2254 1142 2302 legi
1175 2254 1299 2292 iubet:
1347 2254 1435 2303 quia
1463 2267 1555 2293 mox

27 2308 128 2347 idem
148 2307 366 2345 solitudinis
395 2307 581 2356 oppidum
609 2307 653 2342 ab
681 2307 818 2343 Severo
847 2317 1002 2355 quoque
1027 2303 1157 2341 frustra
1185 2304 1324 2342 dicitur
1351 2315 1553 2353 oppugna-

29 2369 134 2400 tum,
160 2357 226 2394 ubi
248 2362 295 2396 τὰ
315 2353 431 2403 ''A-rga
462 2368 483 2392 a
509 2358 639 2393 Dione
665 2367 842 2398 vocatur,
871 2356 914 2392 ab
939 2353 1097 2393 Herodi.
1125 2353 1151 2388 l.
1175 2363 1207 2400 3.
1236 2365 1268 2392 c.
1289 2365 1323 2397 9.
1349 2360 1388 2391 at
1417 2353 1553 2400 Ἀτςαι.

27 2406 55 2444 i.
77 2421 110 2444 e.
139 2402 256 2444 Hatra
277 2405 303 2442 s.
331 2409 464 2444 Atrae.
520 2407 570 2443 Et
591 2407 758 2443 Zonaras
780 2418 815 2455 p.
841 2408 924 2442 216.
984 2402 1111 2440 Severi
1135 2402 1226 2439 Atra
1253 2398 1353 2440 πόλιν
1374 2400 1554 2449 Ἀράβιον.

29 2458 149 2494 urbem
172 2456 370 2494 Arabicam
390 2455 499 2493 dixit.
549 2456 654 2502 Qae
674 2454 775 2491 causa
796 2455 867 2498 est,
890 2465 935 2491 ut
955 2452 1155 2494 nonnulli,
1180 2450 1401 2500 quibuscum
1422 2464 1462 2489 et
1478 2462 1554 2488 nos

28 2506 123 2543 olim
146 2506 332 2548 fecimus,
357 2506 450 2540 haec
466 2506 558 2542 Atra
586 2504 611 2540 s.
634 2506 790 2541 Hatram
813 2505 855 2542 in
872 2503 1005 2542 Arabia
1033 2501 1190 2538 Deserta
1220 2500 1427 2548 posuerint.
1471 2502 1551 2538 Ve-

28 2568 113 2593 rum
144 2556 276 2592 remus
304 2555 344 2591 in
373 2552 646 2603 Mesopotamia
668 2566 754 2591 cum
775 2553 976 2591 Ammiano
1003 2551 1198 2591 statuitur3
1236 2550 1278 2586 in
1308 2562 1381 2598 qua
1408 2549 1552 2589 multae

28 2616 162 2653 partes,
189 2615 345 2652 propter
366 2604 509 2642 incolas
527 2605 681 2646 Arabes,
707 2616 850 2641 nomen
869 2601 1026 2641 Arabiae
1044 2612 1132 2648 prae
1149 2598 1187 2636 se
1200 2598 1346 2637 ferunt.
1399 2600 1447 2637 Et
1466 2602 1552 2636 Ste-

27 2654 173 2702 phanus
195 2653 235 2689 in
265 2653 533 2700 Mesopotamia
553 2653 719 2690 censuit:
755 2651 879 2699 '‘Aa-ear
907 2648 1006 2693 πέλις
1035 2648 1167 2696 μεταξδ
1197 2654 1378 2695 Εὐφράτου
1405 2647 1460 2692 καὶ
1486 2653 1552 2687 Τί·

25 2717 176 2749 γςητος,
206 2703 320 2739 Atrae
344 2704 426 2739 urbs
449 2703 549 2739 inter
570 2702 787 2751 Euphratem
807 2713 844 2741 et
870 2702 1003 2750 Tigrin
1012 2701 1101 2744 fita.
1142 2697 1400 2754 ’Herodianus‘
1419 2697 1552 2735 obscu-

24 2764 90 2790 ms
110 2753 184 2796 est,
219 2753 309 2800 quia
326 2765 374 2792 ex
393 2750 572 2794 Armenia
599 2753 642 2791 in
671 2754 860 2798 Atrenos.
892 2751 984 2792 ind·
1013 2749 1056 2789 in
1077 2748 1314 2792 Adiabenos,
1339 2748 1480 2788 demde
1504 2747 1551 2788 in
