1717 3082
108 138 284 188 LIBER
303 139 380 187 IV.
412 140 537 189 CAP.
556 142 628 189 IX.
659 143 710 190 A.
726 140 781 190 V.
801 142 849 190 C.
863 143 973 206 969.
1006 146 1146 196 CHR.
1169 150 1234 197 N.
1255 152 1366 200 216.
1442 171 1473 217 9
1489 171 1514 213 4
1532 175 1555 220 5

27 252 210 325 ἃελφοῦ
230 259 465 328 αἰναίξεσιν,
481 258 552 309 aa)
570 261 643 316 τήν
663 279 790 331 vesc-
829 268 974 316 fratris
999 272 1197 321 caedem:
1239 294 1287 324 ac
1307 278 1441 343 ipsam
1464 287 1558 348 qui.

29 333 157 400 βότιν
180 340 201 369 Ρ
241 333 440 391 Ἰοκεὶς-ην
474 335 725 386 καλούντων
757 342 790 399 q,
830 344 932 392 dem
964 363 1123 411 anum,
1159 352 1369 401 Iocastam
1403 361 1556 424 appel.

28 415 191 463 ἐκεῖνον
223 405 276 461 δὲ
296 415 313 436 ¹
347 409 686 480 χλευαζόντων,
725 413 788 463 ἔτι
827 419 982 479 lai-ent,
1007 423 1132 472 illum
1146 438 1291 476 autem
1306 433 1554 493 irriderent,

27 483 107 551 δὴ,
167 483 321 557 (acuerit
364 486 442 551 ὢν,
487 483 788 558 Ἀλέξανὸξον
829 499 951 560 quod
978 502 1085 547 nim‘
1113 518 1189 549 um
1219 521 1384 570 parvus
1414 512 1554 563 homo

11 562 103 630 ,καὶ
139 561 396 628 Ἀχιλλέα,
452 563 789 630 γενναιοτάτους
827 574 1126 625 Alexandrum
1149 590 1194 628 et
1213 583 1431 635 Achillem
1460 589 1555 638 for·

23 742 94 777 “A
116 696 156 741 p)
171 697 347 774 ἷςεῑβῦἑην
366 696 410 729 Α.
429 695 474 728 al.
501 696 545 728 cf.
562 706 599 740 4,
616 696 650 736 6,
669 699 706 733 6.
775 701 813 741 q)
838 699 951 732 Colon
972 701 1007 734 in
1025 702 1089 735 Ms.
1109 704 1164 738 Ba.
1231 710 1262 749 r)
1285 711 1352 744 MS.
1369 710 1425 745 Ba.
1451 716 1498 749 ἐκ.
1519 717 1558 750 δῦ

95 753 122 776 ιν
142 753 168 782 κ
194 765 204 777 .
255 766 266 775 .
324 766 334 776 .

24 861 94 900 εἷς,
120 866 160 894 et
176 857 258 895 Ael.
277 856 324 893 V.
343 854 383 892 h.
411 852 463 893 ib.
483 854 518 893 b.
543 855 568 893 ἱ.
596 865 636 893 et
653 868 690 894 v.
709 872 764 896 eit.
794 857 855 895 sed
881 857 941 895 Rs.
961 859 1029 897 Or.
1047 860 1092 898 V.
1113 876 1149 910 4.
1168 875 1207 902 et
1224 866 1333 905 Dem.
1354 881 1390 906 v.
1410 875 1458 914 εἷς
1476 874 1547 911 Nr.

29 919 81 949 2..
96 906 164 956 q'ui
186 905 340 956 ignorat
356 918 391 942 ν.
403 921 471 948 ex„
497 917 576 955 quo
598 906 644 943 de
662 907 744 943 add.
755 914 824 953 558,
836 921 965 956 anper
986 911 1064 956 syn.
1079 924 1201 961 praep.
1217 916 1264 958 εἵς
1285 932 1324 955 σε
1343 924 1398 957 ἐπὶ
1417 927 1552 966 τούτοις

28 951 205 1001 ἔσκωψεν,
231 967 276 994 ut
294 955 472 993 Dion-C.
500 962 611 1004 1306,
636 964 691 997 18.
723 962 849 996 ἁκούων
876 963 967 1004 γὰρ,
995 960 1047 998 ὅτι
1074 965 1290 1010 διαβάλλοιτο
1311 969 1365 1013 καὶ
1386 970 1552 1010 σκώπτω-

25 1021 70 1046 το
86 1004 170 1052 παρ’
195 1005 308 1045 advivit
339 1010 395 1044 ἐπί
415 1020 454 1042 τε
483 1010 559 1049 *τοῖς
586 1002 729 1050 ἄλλοις,
756 1007 810 1051 καὶ
829 1012 895 1053 οὐχ
922 1008 1020 1052 ἔκιε-α,
1038 1012 1085 1059 ri?
1111 1017 1378 1061 ἁδελφοκτονίαι,
1401 1017 1553 1067 deame„

23 1060 82 1098 lor)
112 1056 177 1100 rn'v
202 1055 469 1103 Ἀλεξάνδρειαν.
1338 1057 1345 1067 ’

79 1126 140 1163 τὴν
159 1119 362 1166 neceb-m)
388 1117 494 1165 quod
516 1116 590 1153 scil.
606 1141 618 1158 ‚
646 1129 690 1155 ut
713 1118 845 1157 Iocasta
870 1120 1023 1168 Oedipo
1044 1120 1144 1166 filio,
1166 1123 1217 1162 ita
1248 1127 1338 1164 Iulia
1353 1131 1554 1172 Antonino

28 1168 209 1220 privigno
233 1179 351 1217 nupta
373 1167 639 1222 effen-Meninx.
680 1168 834 1216 Propter
855 1171 1045 1207 Antonini
1066 1175 1218 1220 nuptias
1237 1188 1320 1213 cum
1346 1191 1463 1217 matre
1481 1182 1557 1219 ini-

27 1231 106 1260 tas,
135 1218 397 1267 perditissimae
419 1216 589 1256 libidinis
611 1216 763 1256 femina.
789 1220 906 1256 Oxon.
965 1221 1041 1258 Cur
1061 1223 1303 1262 Alexandrini
1327 1228 1456 1265 Iuliam
1479 1233 1554 1268 Do.

9 1281 156 1308 -mnam
187 1280 253 1316 per
278 1267 481 1306 ludibrium
513 1267 685 1303 locastarn
717 1268 987 1307 nominarunt?
1021 1272 1082 1307 De
1111 1273 1244 1309 Iocasta
1268 1277 1441 1314 Creontis
1462 1277 1572 1324 filia‚‘

26 1317 109 1359 Laii
137 1318 407 1355 Thebanorum
438 1316 536 1366 regis
556 1329 698 1358 uxore,
731 1318 870 1366 Oedipi
903 1332 1042 1362 matre,
1079 1322 1191 1358 Diod.
1219 1325 1254 1359 S.
1276 1326 1340 1368 IV,
1359 1332 1416 1363 66.
1436 1328 1489 1377 sq.
1513 1339 1554 1368 et

27 1368 93 1406 alii
115 1369 206 1406 haec
225 1378 400 1405 narrant:
427 1366 618 1415 Oedipum
642 1379 708 1414 per
727 1367 1018 1415 imprudentiam
1038 1383 1189 1409 matrem
1209 1372 1306 1411 suam
1320 1387 1473 1414 uxorem
1488 1381 1557 1416 du·

29 1417 139 1460 xiss'e.
165 1417 262 1455 duos
291 1429 369 1466 que
390 1429 435 1454 ex
454 1429 496 1454 ea
524 1415 647 1457 filios,
676 1417 870 1455 Eteociem
900 1430 938 1456 et
968 1420 1211 1468 polynicem,
1234 1423 1323 1461 duas
1344 1437 1418 1473 que
1437 1441 1556 1470 naras,

28 1467 254 1517 Antigonen
278 1479 318 1504 et
338 1469 536 1508 Ismenen,
566 1466 780 1514 procreasse.
838 1470 945 1506 Duos
971 1468 1057 1506 illos
1084 1470 1235 1513 fratres,
1271 1474 1335 1510 lire
1359 1478 1405 1511 de
1433 1489 1554 1527 regno

30 1528 72 1556 et
92 1531 179 1555 mox
200 1518 302 1555 bello
320 1527 407 1554 orto
421 1541 432 1559 ,
456 1515 597 1554 mutuis
617 1517 839 1555 vulneribus
862 1517 1070 1556 concidisse.
1119 1521 1350 1561 Crediderim
1372 1538 1473 1574 ergo,
1499 1538 1557 1564 et·

30 1567 103 1607 iam
124 1566 388 1605 Alexandrinis
409 1566 657 1614 suspicionem
677 1566 850 1604 inieftam
870 1567 994 1610 fuisse,
1018 1568 1116 1617 quasi
1138 1573 1321 1609 Caracalla
1347 1576 1473 1613 matris
1497 1576 1557 1614 in-

20 1618 138 1656 ·'cestis
161 1616 350 1654 amoribus
368 1617 636 1664 implicaretur.
688 1616 751 1653 Sic
771 1619 923 1655 demum
942 1617 1030 1655 iulia
1051 1618 1234 1657 iimillima
1252 1624 1417 1660 locastae.
1452 1627 1557 1663 Ioca-

28 1667 105 1705 stae
125 1670 204 1706 duo
229 1665 295 1703 filii
316 1666 411 1702 duae
441 1677 516 1714 que
543 1664 643 1701 fiiiae
668 1666 794 1704 fuere.
842 1667 976 1704 Itidem
1002 1667 1093 1705 Iulia
1119 1671 1252 1718 genuit
1274 1673 1492 1711 Caracallam
1513 1685 1554 1712 et

0 1715 2 1734 ³
24 1719 170 1757 Getam
192 1725 230 1752 et
247 1717 338 1752 duas
357 1715 570 1763 Septimias,
595 1727 685 1763 quas
703 1719 863 1754 Severus
883 1717 1028 1754 dotatas
1049 1720 1201 1761 maritis,
1227 1722 1348 1758 Probo
1368 1734 1406 1759 et
1428 1725 1553 1768 Aetio,

28 1767 160 1806 dedit,
184 1768 305 1813 Spart.
328 1764 368 1801 in
390 1766 529 1802 Severo
549 1777 579 1800 c.
604 1773 639 1806 8.
695 1767 869 1807 Quatuor
888 1766 1023 1804 liberos
1050 1768 1174 1805 Severi
1196 1779 1234 1805 et
1262 1771 1375 1808 Iuliae
1401 1772 1554 1812 exhibet

27 1825 169 1855 numus
197 1828 255 1864 ap.
279 1817 403 1863 Beger.
432 1827 466 1860 p.
489 1817 572 1857 696.
636 1815 770 1852 Iocasta
801 1817 897 1853 duos
920 1815 1018 1853 filios
1045 1817 1083 1853 in
1117 1820 1351 1857 concordiam
1381 1821 1556 1871 redigere

28 1878 110 1904 non
132 1865 281 1913 potuit,
303 1866 495 1901 Eteoclem
517 1875 557 1900 et
577 1863 808 1912 polynicem.
852 1870 982 1914 Aeque
1001 1866 1203 1904 infeliciter
1227 1880 1284 1905 res
1303 1872 1475 1917 proceffit
1497 1875 1551 1910 lu.

27 1915 104 1955 liae
138 1914 177 1952 in
206 1913 492 1952 reconciliando
517 1914 701 1952 Caracalla
735 1928 821 1952 cum
843 1916 952 1952 Geta.
999 1916 1138 1962 Qodfi
1166 1928 1290 1954 verum
1314 1920 1420 1962 effer,
1447 1923 1556 1958 Cara·

27 1966 178 2007 ennam,
206 1976 357 2001 mortuo
377 1966 530 2001 Severo,
562 1964 807 2001 matrimonio
829 1964 891 2002 fibi
917 1965 1072 2003 iunxiffe
1093 1966 1232 2009 Iuliam,
1260 1979 1301 2003 ut
1321 1968 1405 2006 sunt
1424 1971 1556 2019 aliqui.

22 2015 94 2065 ³qui
128 2015 224 2051 hanc
253 2014 538 2058 ἂθεμιτογαμίαν
570 2015 801 2061 exprobrent
829 2015 962 2052 iuliae:
989 2025 1069 2050 tum
1092 2026 1131 2051 et
1159 2016 1232 2052 hoc
1254 2018 1410 2055 nomine
1427 2017 1556 2059 similis

27 2075 72 2103 ea
101 2065 235 2101 Iocasta
263 2064 378 2100 foret.
431 2064 503 2101 Sed
537 2063 776 2101 (commatum
804 2064 966 2101 studioi'is
988 2066 1071 2101 latis
1090 2066 1158 2101 effe
1178 2065 1305 2112 potuit
1323 2070 1369 2103 ad
1399 2081 1555 2117 compa..

27 2115 180 2152 tundam
217 2113 353 2151 Iuliam
381 2125 469 2151 cum
499 2112 662 2155 Iocosta,
689 2114 792 2161 quod
814 2126 948 2151 nentra
978 2111 1075 2150 filios
1096 2112 1281 2151 discordes
1308 2119 1554 2158 reconciliare

29 2164 168 2214 potuit.
201 2163 322 2200 Leisn.
398 2162 488 2200 Scil.
508 2163 640 2200 Iuliam
659 2174 816 2200 matrem
845 2163 948 2204 eius,
972 2175 1041 2211 qua
1069 2176 1152 2201 cum
1173 2163 1211 2200 in
1233 2165 1472 2204 matrimonio
1499 2170 1557 2207 vi.

28 2213 118 2252 xiffe
139 2225 248 2256 eum,
279 2212 603 2262 quemadmodum
627 2212 802 2261 Oedipus
821 2225 904 2250 cum
925 2213 1080 2256 Iocasta,
1107 2225 1231 2250 narrat
1250 2214 1406 2264 Eutrop.
1432 2226 1466 2260 g,
1494 2231 1554 2257 ιι,

29 2261 165 2302 Stroth.

38 2322 47 2337 ²
124 2312 201 2360 Qi
221 2309 321 2348 etin
339 2311 387 2350 N.
409 2311 498 2348 Chr.
540 2314 677 2354 „Haec
698 2312 749 2349 est
774 2310 888 2354 Iulia,
913 2323 1075 2349 noverca
1098 2311 1313 2356 Caracallae,
1338 2324 1444 2360 quam
1466 2329 1556 2357 eum

29 2359 72 2400 h
89 2361 335 2400 matrimonio
355 2360 521 2399 habuisse
550 2363 699 2411 Eutrop.
718 2373 841 2398 narrat
865 2364 889 2399 l.
913 2374 944 2396 c.
968 2372 1161 2407 propterea
1183 2374 1254 2409 que
1275 2375 1354 2399 eam
1380 2366 1556 2405 locastam

31 2410 209 2451 dixerunt
230 2409 500 2452 Alexandrini,
527 2413 613 2461 quia
645 2413 735 2449 haec
756 2423 929 2460 quoque,
956 2411 1045 2446 licet
1064 2410 1194 2451 inscia,
1221 2409 1339 2449 filium
1361 2413 1554 2461 Oedipum

30 2457 205 2499 irini-itum
230 2458 391 2497 habuiise
419 2459 583 2502 dicitur-3
611 2462 759 2498 historia
789 2459 867 2496 eius
898 2459 1079 2496 notiffima
1108 2460 1179 2502 est,
1216 2472 1251 2496 v.
1271 2461 1374 2496 Suid.
1400 2473 1439 2499 et
1464 2466 1554 2503 Eur.

30 2508 202 2548 minens<
231 2510 281 2547 cf.
302 2511 422 2557 Spart.
452 2509 493 2546 in
513 2513 598 2548 Sev·
620 2522 650 2546 c.
676 2523 730 2547 ιο.
753 2522 786 2557 p.
809 2519 892 2554 730.
919 2507 1066 2557 interest
1078 2508 1197 2557 scire,
1237 2511 1559 2556 quemadmodum

31 2571 222 2598 mercum
240 2559 339 2596 suam
361 2560 490 2596 Iuliam
509 2573 662 2598 uxorem
682 2558 817 2606 cluxffl»
837 2559 989 2594 dicatur.
1009 2575 1049 2586 -—
1095 2559 1173 2610 Qo
1191 2560 1316 2594 audito
1330 2583 1340 2600 ,
1358 2561 1477 2608 furor
1499 2565 1558 2599 in.

29 2611 191 2646 conditus
209 2611 262 2645 ad
276 2608 441 2659 effeHum
460 2611 627 2646 criminis
647 2613 838 2646 roboratus
856 2607 916 2656 est.
944 2608 1096 2653 nuptias·
1107 2620 1171 2662 qu?
1188 2619 1248 2644 eas
1264 2610 1474 2652 celeb-ravit,
1489 2614 1556 2651 rel.

30 2658 191 2697 Matrem
218 2659 313 2695 enim
332 2677 373 2687 -
389 2671 459 2695 non
486 2659 562 2695 alio
581 2659 729 2694 dicenda
750 2667 828 2694 erat
856 2657 993 2692 nomine
1007 2674 1047 2684 ·—·
1072 2655 1181 2692 duxit
1201 2669 1369 2701 uxorem,
1395 2661 1438 2697 ad
1461 2674 1556 2710 quae

26 2709 111 2745 cns.
131 2709 179 2745 N.
191 2720 225 2754 4.
250 2707 356 2749 „hoc
375 2707 463 2745 ideo
483 2707 626 2749 adiicit,
653 2707 739 2755 quia
751 2719 790 2742 re
814 2717 895 2741 vera
915 2717 994 2741 non
1014 2716 1146 2745 mater,
1172 2705 1234 2741 sed
1253 2719 1412 2744 noverca
1435 2710 1557 2748 fuit.“

25 2755 100 2795 nic
121 2758 276 2804 quidem
297 2757 339 2793 P.
358 2756 506 2794 addidit
524 2756 642 2792 'statim
662 2768 747 2792 cum
773 2754 947 2791 libertate
977 2754 1045 2789 alia
1074 2765 1260 2794 „matrem
1283 2769 1350 2804 que
1370 2760 1482 2796 etiam
1501 2763 1555 2798 Io.

25 2806 153 2858 eostam
172 2808 288 2857 vulgo
307 2807 565 2858 appellarent“
583 2816 655 2855 qua
673 2804 721 2843 de
741 2803 788 2843 cf.
807 2805 852 2840 ad
875 2803 993 2841 Dion.
1005 2804 1048 2840 C.
1069 2814 1109 2850 p.
1133 2812 1233 2849 1285.
1255 2802 1287 2851 §.
1303 2814 1361 2852 ες.
1382 2818 1423 2845 et
1444 2819 1554 2858 ¹304·

819 2862 945 2907 Ooo
