1722 3086
136 123 240 175 480
279 119 451 164 LIBER
470 118 527 163 II.
561 118 688 164 CAP.
709 118 808 162 XV.
847 120 902 165 A.
927 120 985 165 V.
1007 119 1057 165 C.
1084 120 1208 176 946.
1245 123 1464 171 CHR.N.
1487 136 1605 180 193.

129 235 344 288 ἐποίησαν
393 235 429 282 οἱ
497 234 600 282 κατ’
669 233 824 281 ἐκεῖνον
865 244 888 268 ¹¹
928 237 1282 287 sublimetollens
1307 240 1662 302 (ficutfecerunt,

129 307 399 381 γξεῖψαντες
421 351 432 371 ,
504 306 603 359 οὔτε
664 309 884 378 vagatae-cs-
922 315 1124 379 quiillius
1139 332 1206 363 res
1220 317 1500 383 scripserunt)
1513 338 1659 386 neque

216 438 253 474 u)
280 435 361 466 Mss-
382 442 450 466 tres
469 437 496 466 οἱ
512 437 551 466 τὶ
570 434 676 465 hainou
693 445 745 486 γρ.
757 454 768 470 ,
799 444 833 466 v.
852 432 900 466 N.

176 529 385 575 ,tino-¹2³1.)
415 529 516 565 Mate
536 528 694 565 corre-fta
721 528 811 565 haec
838 529 923 566 sunt
949 528 988 566 in
1009 530 1105 565 Ven.
1131 542 1149 565 a
1169 528 1322 566 librario
1343 531 1494 570 moleste
1515 531 1656 578 sedule.

126 580 178 618 ita
199 589 230 617 οἱ
249 586 296 618 τὰ
320 586 443 618 ἐκείνων
463 594 522 626 7?-
574 582 626 615 At
646 591 722 615 non
747 580 793 614 de
814 580 1012 621 omnibus,
1049 578 1115 627 qui
1141 592 1198 615 res
1224 581 1336 628 gestas
1354 584 1482 619 Severi
1505 583 1658 630 scripse-

122 642 241 720 }unt,
273 634 364 666 haec
386 630 478 666 dicit
500 628 758 671 Herodianus,
786 629 848 666 sed
861 630 907 666 de
928 628 974 665 iis
996 629 1133 671 modo,
1165 630 1230 678 qui
1251 631 1337 668 vivo
1354 645 1400 669 eo
1421 632 1656 681 scripserunt.

147 682 261 719 ttioth.

220 732 258 767 P.
279 729 343 778 qui
363 731 429 766 illa
448 740 569 766 aetate
587 726 849 778 scriptitarunt
877 727 1041 766 deseruit
1061 729 1144 766 sch.
1171 730 1302 776 partim
1325 730 1363 768 in
1391 736 1469 772 nix.
1491 730 1574 769 eius
1593 744 1657 768 ae-

121 792 224 821 tate..
262 798 290 819 κ.
313 781 375 828 qni
394 782 458 815 iila
480 780 801 826 aetarefuertent“
825 780 889 816 ubi
919 780 1011 815 male
1033 779 1135 815 aliud
1162 792 1196 815 ν.
1220 780 1424 824 substituit,
1462 782 1500 818 in
1530 781 1654 830 primo

122 843 249 869 veram
271 832 495 867 sententiam
517 831 730 876 exprimens
758 829 969 870 formulae,
1011 841 1122 876 quam
1150 831 1194 866 ad
1217 842 1249 869 1.
1270 845 1306 874 4,
1330 841 1383 872 ιε.
1403 831 1654 871 tractavimus.

121 881 185 919 ubi
214 885 274 930 ssg.
296 882 410 922 secie,
452 880 563 916 etiarn
592 879 631 915 in
661 879 740 915 aliis
763 879 941 926 deinceps
972 879 1086 920 iocis,
1120 878 1181 914 hic
1214 880 1369 928 quidem
1400 892 1464 918 aut
1494 889 1653 928 peccans

119 944 254 970 contra
277 933 398 980 legem
425 943 463 966 et
484 929 636 966 modum
659 930 869 966 reddendae
885 931 962 966 eius
980 929 1189 970 formulae,
1217 936 1330 974 (quae
1346 929 1490 978 semper
1500 931 1546 966 de
1558 942 1653 967 tem-

116 996 213 1033 ‚pore
237 993 276 1019 et
303 993 422 1018 aetate
444 980 564 1021 vaiet,
594 979 617 1015 s·
638 979 830 1026 exceperis
854 991 990 1025 pauca,
1017 991 1047 1012 v.
1063 991 1092 1014 c.
1112 982 1190 1026 Stp.
1212 980 1285 1015 Th.
1309 993 1342 1021 2,
1363 991 1421 1023 89.
1443 983 1480 1017 F.
1501 992 1539 1016 et
1559 981 1649 1017 Luc.

121 1043 155 1081 3.
183 1044 262 1079 321.
282 1034 303 1068 Ι.
319 1044 376 1075 27.
399 1032 465 1076 ἐγῶ
488 1035 523 1068 δὲ
544 1030 597 1072 κεν.)
617 1029 720 1071 αὐτός
748 1025 879 1075 ἕυρῆσω
901 1032 1077 1073 Δελφίδκ,
1108 1024 1127 1071 ἢ
1152 1027 1346 1073 Κυμβάλιόν
1375 1047 1449 1068 τινα
1478 1039 1543 1068 τῶν
1571 1027 1651 1067 κατ’

113 1089 179 1128 -ἐμέ
194 1108 203 1122 .
230 1095 262 1119 λ.
288 1095 348 1131 ego
366 1093 452 1117 vcro
473 1090 508 1116 et
529 1079 598 1127 ipse
617 1080 795 1114 inveniam
818 1080 1046 1128 Delphidem,
1071 1090 1135 1114 aut
1149 1081 1363 1126 Cymbalium
1384 1080 1570 1129 quandam
1582 1077 1652 1115 mei

120 1132 266 1170 ordinis
284 1132 547 1172 „rulth-culum,
581 1130 642 1166 ubi
666 1131 715 1166 N.
734 1140 879 1171 tacent,
915 1141 955 1166 et
973 1129 1050 1175 ipse
1066 1129 1315 1176 acquiescam,
1342 1142 1426 1166 cnm
1444 1141 1483 1167 et
1493 1128 1581 1166 alibi
1594 1141 1651 1177 pr.

111 1198 150 1222 κ.
172 1195 258 1218 cum
289 1195 363 1217 acc.
397 1180 485 1227 pers
512 1180 646 1216 innuat
675 1180 838 1227 aliquam
867 1189 930 1215 aut
958 1179 1178 1227 dignitatem
1201 1191 1241 1215 et
1270 1181 1550 1227 praestantiam,
1585 1190 1652 1216 aut

118 1230 426 1269 convenientiam
448 1241 489 1266 et
510 1228 816 1270 similitudinem,
855 1241 1069 1276 quanquam
1094 1228 1171 1266 fere
1191 1242 1270 1265 non
1292 1230 1502 1278 praepolito
1523 1228 1573 1265 ibi
1594 1240 1651 1263 ar-

118 1283 206 1325 tic„
241 1281 289 1318 cf.
313 1284 400 1318 Luc.
424 1279 503 1317 Ind.
527 1292 565 1316 et
586 1279 637 1314 Fi.
662 1279 751 1314 Piat.
776 1282 847 1325 Ap.
871 1280 906 1314 S.
929 1291 966 1325 p.
988 1287 1044 1324 38.
1069 1280 1115 1313 Ν.
1140 1290 1170 1320 7.
1191 1291 1230 1315 et
1247 1280 1417 1328 Sympoiss
1434 1292 1470 1327 p.
1496 1293 1573 1323 ⁴59-
1599 1277 1647 1313 Ν.

121 1346 165 1373 ια,
184 1336 196 1377 )
216 1331 317 1368 unde
338 1342 374 1367 et
396 1331 510 1366 Leisn
547 1328 590 1363 ad
612 1342 660 1364 m.
683 1329 755 1363 Ms.
776 1330 840 1376 Bg.
856 1353 866 1369 ‚
899 1340 986 1363 eum
1006 1328 1244 1376 castigaturus
1274 1329 1369 1376 „qui
1396 1330 1494 1365 illius
1524 1338 1647 1363 aetate

110 1382 318 1435 fi-ripsere“
347 1393 411 1417 aut
434 1381 565 1427 legens
585 1379 713 1419 aliter,
740 1388 852 1422 atque
871 1377 965 1413 adeo
978 1384 1009 1414 οἱ
1030 1383 1076 1413 τὰ
1095 1379 1167 1414 κατ’
1186 1383 1232 1414 ἐκ.
1255 1394 1334 1424 γρ..
1362 1390 1457 1426 quae
1469 1376 1646 1416 formula,

115 1437 157 1472 in
178 1432 306 1468 addito
330 1430 434 1466 artic.
459 1426 628 1465 neutrius
648 1439 731 1473 gen.
754 1428 814 1463 vel
836 1427 944 1474 ling„
972 1427 1135 1473 velpiur.
1155 1430 1298 1463 numeri
1313 1454 1324 1468 ,
1351 1439 1562 1476 quanquam
1579 1438 1646 1461 va-

115 1485 172 1520 rie
192 1482 384 1522 redditur,
421 1479 469 1515 cf.
487 1479 607 1514 Thuc.
634 1490 665 1518 ι,
695 1486 771 1522 138.
796 1490 826 1513 e.
857 1477 938 1523 Stp.
953 1477 1027 1512 Th.
1044 1489 1149 1519 2‚90.
1169 1478 1216 1512 D.
1238 1479 1278 1512 ad
1298 1480 1387 1513 Luc.
1404 1491 1433 1519 i,
1449 1485 1529 1522 308.
1548 1476 1569 1511 l⁴
1591 1485 1647 1520 ις.

114 1534 159 1570 it.
183 1546 217 1574 2,
238 1535 317 1568 206.
341 1531 364 1565 Ι.
381 1540 436 1576 3¹·
460 1537 585 1576 p.374.
608 1527 630 1561 Ι.
651 1540 676 1562 ι.
708 1528 805 1564 Plut.
822 1529 910 1573 Krg.
933 1538 967 1572 p.
994 1538 1046 1561 ro.
1072 1529 1117 1562 Ν.
1139 1537 1196 1572 43.
1223 1527 1274 1562 Εἰ.
1295 1527 1375 1564 ind.
1395 1539 1429 1562 v.
1449 1545 1483 1564 κ.
1510 1528 1644 1562 Aeich.

115 1596 154 1620 et
173 1582 248 1620 1³21.
273 1581 314 1618 it.
333 1580 377 1616 ad
398 1579 508 1616 Well.
533 1590 563 1624 ρ,
580 1588 660 1622 372.
685 1589 732 1611 m.
747 1601 756 1617 ,
784 1575 826 1611 it.
847 1579 891 1612 ad
910 1577 992 1612 Ael.
1015 1577 1059 1610 V.
1083 1577 1118 1611 h.
1144 1589 1177 1618 2,
1199 1590 1258 1622 42.
1275 1577 1299 1612 i.
1324 1576 1406 1613 lnd.
1423 1577 1532 1612 Dem.
1552 1575 1644 1611 Kib-

114 1635 232 1672 Decr.
256 1633 296 1667 R.
320 1644 354 1678 p.
374 1641 459 1675 435.
481 1628 505 1663 i.
529 1639 568 1663 et
587 1629 625 1662 L.
649 1628 697 1664 N.
719 1626 765 1662 T.
781 1638 820 1666 v.
842 1643 872 1662 κ.
896 1639 929 1672 p.
953 1635 1038 1670 320.
1059 1627 1122 1662 Nr.
1148 1630 1186 1667 8)
1207 1639 1246 1663 et
1269 1637 1393 1672 322.e.
1414 1628 1484 1662 Nr.
1505 1629 1579 1672 36.)
1599 1625 1645 1660 L.

112 1683 196 1721 Bos.
219 1683 289 1717 En.
313 1694 346 1727 p.
369 1684 510 1719 236.m.
530 1686 613 1717 288.
629 1689 676 1712 m.
705 1688 779 1710 122.
804 1674 828 1710 i.
844 1700 855 1716 ‚
881 1677 1009 1715 Bauer,
1032 1676 1124 1710 Phii.
1147 1677 1222 1713 Th.
1244 1688 1279 1724 p.
1295 1682 1374 1719 ¹26·
1395 1679 1434 1718 αι)
1452 1675 1478 1711 i.
1499 1687 1538 1712 et
1564 1686 1644 1720 151.

113 1747 163 1770 m,
184 1734 218 1778 ς)
247 1731 287 1767 it.
311 1732 435 1765 Titrrn
471 1727 517 1763 de
544 1727 629 1763 vest.
651 1728 725 1762 Gn.
752 1738 790 1771 p.
813 1737 892 1761 102.
916 1727 986 1764 N..
1023 1737 1149 1762 tamen
1180 1725 1291 1762 etiarn
1323 1727 1368 1762 ad
1390 1727 1475 1762 Luc.
1501 1736 1536 1772 3,
1560 1733 1644 1770 593.

104 1783 137 1820 ¹1.
161 1788 219 1826 ⁶5·
241 1786 352 1825 ἀγνοῶ
373 1785 486 1816 πάι-ναι
506 1782 550 1813 τὰ
572 1776 645 1813 κατ’
667 1780 792 1818 αὐτὴν,
821 1776 937 1810 omnia
954 1775 1036 1810 eius
1056 1774 1206 1823 ignoro,
1233 1788 1272 1812 et
1292 1778 1372 1812 Aei.
1393 1775 1482 1812 v.h.
1499 1788 1531 1815 2,
1546 1772 1641 1810 καὶ.

109 1838 158 1871 τὰ
185 1831 259 1870 κατ’
282 1829 408 1871 αὐτὸν,
437 1839 493 1863 res
510 1828 583 1862 eius
598 1851 606 1867 .
632 1839 668 1863 et
689 1826 771 1862 lud.
795 1838 828 1860 v.
851 1841 882 1861 κ.
903 1837 961 1861 res
979 1825 1090 1866 illius,
1119 1826 1228 1872 plane
1241 1837 1442 1862 vertuntur
1462 1836 1547 1862 cum
1560 1826 1642 1872 Bg..

109 1883 175 1931 qui
196 1881 386 1928 conspirat
407 1891 492 1914 cuin
515 1877 627 1917 Mun,
658 1887 818 1922 quorum
846 1874 956 1910 letho
979 1873 1029 1909 est
1058 1876 1168 1923 gloisa
1199 1877 1350 1913 iliorum
1376 1881 1424 1912 τὰ
1453 1893 1483 1913 κ.
1505 1878 1640 1916 ἐκεῖνον,

109 1944 154 1970 ut
175 1931 368 1971 librarius,
407 1930 499 1963 hanc
520 1926 559 1962 in
581 1925 707 1961 animo
728 1925 889 1966 habens,
920 1925 959 1961 in
981 1926 1118 1961 litteris
1149 1926 1322 1962 aberrarit
1345 1925 1444 1962 inter
1472 1925 1640 1961 scriben-

108 1984 197 2019 dum
221 1980 371 2028 potius,
407 1989 519 2027 quam
542 1987 585 2012 ut
606 1978 649 2010 ab
670 1976 748 2021 ipio
762 1975 894 2011 Nostro
916 1977 997 2011 data
1019 1971 1134 2011 fueri‘t
1154 1977 1197 2010 ab
1220 1976 1345 2018 initio,
1373 1988 1456 2015 cum
1471 1975 1507 2010 P.
1532 1975 1638 2022 vulg.

108 2032 271 2072 referat,
303 2040 459 2075 peccans
481 2029 596 2062 modo
618 2027 656 2061 in
679 2025 908 2061 severitatem
928 2026 1120 2065 vertendi,
1146 2024 1369 2062 sententiam
1391 2024 1541 2061 tandem
1554 2025 1638 2060 red·

109 2082 203 2118 dens
228 2079 383 2116 eandem
406 2089 530 2114 tamen
553 2088 638 2112 cum
665 2074 764 2123 vulg.
779 2099 788 2114 ‚
818 2086 912 2122 quae
930 2085 970 2110 et
990 2074 1162 2122 procedit
1184 2087 1248 2121 per
1269 2075 1318 2116 se,
1345 2086 1384 2111 et
1395 2075 1636 2110 recteaStro-

106 2133 179 2170 tho
221 2130 400 2176 explicata
427 2127 496 2169 est,
541 2137 582 2162 ut
622 2125 817 2161 retinenda
845 2122 889 2160 iit
926 2125 986 2160 vel
1025 2136 1156 2161 contra
1195 2126 1309 2166 Mss.,
1352 2124 1390 2161 in
1422 2123 1548 2171 primis
1585 2123 1637 2158 ita

107 2181 316 2228 suspectos,
351 2178 466 2214 etiam
483 2185 627 2212 retenta
648 2174 706 2210 illa
728 2186 745 2209 a
764 2175 843 2220 Stp.
857 2174 930 2209 Th.
946 2190 982 2219 4,
997 2185 1080 2221 348.
1103 2176 1141 2210 B.
1159 2187 1192 2209 v.
1214 2189 1296 2221 xxe·
1318 2173 1392 2210 fine
1404 2174 1468 2208 Vs.
1493 2173 1638 2218 »ὥσπερ

105 2237 139 2269 οἱ·
160 2248 190 2268 κ.
212 2235 260 2267 ἐκ.
281 2244 338 2276 γρ.
367 2224 525 2268 „omisso
548 2238 578 2259 v.
599 2230 676 2266 iza,
701 2224 764 2259 ubi
786 2224 823 2259 P.
845 2224 1017 2265 liberior,
1044 2224 1205 2260 faciente
1229 2237 1358 2261 contra
1370 2223 1454 2260 Sch.
1473 2225 1637 2269 cumssg.

152 2278 234 2318 οὔτε
252 2279 390 2324 παραυ..)
419 2280 542 2313 Leisn.
560 2276 604 2310 ad
620 2287 669 2310 m.
692 2275 766 2310 Ox.
793 2275 916 2312 „Non
935 2274 1050 2321 igitur
1061 2275 1202 2318 minuta
1224 2286 1357 2316 narrat,
1382 2274 1442 2310 sed
1456 2272 1637 2320 praestan·
1685 2287 1688 2293 ·

108 2331 200 2367 tiam
221 2329 406 2375 quandam
431 2324 619 2361 habentia.
672 2323 742 2358 Sed
764 2321 785 2358 si
805 2324 857 2358 nil
879 2324 1055 2361 omittere
1076 2323 1210 2364 voluit,
1239 2336 1304 2359 cur
1323 2334 1411 2360 ante
1430 2323 1525 2359 dixit
1543 2325 1635 2359 κατὰ
1677 2341 1685 2379 ⁴.

108 2386 269 2425 μέροςςί(
310 2382 452 2413 Contra
478 2386 587 2421 quam
607 2372 892 2420 repugnantiam
913 2375 1034 2410 valere
1057 2374 1254 2415 videntur,
1289 2385 1385 2421 quae
1404 2385 1489 2409 mox
1511 2385 1527 2407 a
1550 2371 1634 2408 No·
1664 2381 1688 2414 ,ι

107 2432 179 2465 stro
202 2427 474 2466 {abiiciuntur‚
505 2426 591 2460 dum
611 2422 704 2458 nihil
729 2423 1015 2469 praetermittit,
1051 2424 1151 2471 quod
1174 2436 1208 2460 Α.
1233 2441 1265 2461 κ.
1284 2440 1336 2467 μυ.
1355 2427 1434 2468 ἐξ..
1480 2421 1634 2458 liberius
1674 2418 1687 2467 ⁴:

109 2482 223 2515 etiam
248 2479 314 2512 hac
342 2477 376 2512 in
398 2476 553 2522 regione
574 2474 813 2512 veri-antea,
840 2472 941 2508 unde
960 2472 1044 2508 Sch.
1066 2474 1199 2520 partim
1224 2474 1261 2508 in
1288 2489 1355 2512 nx.
1374 2473 1632 2522 praeteriens‘ss'
1670 2496 1675 2498 γ

108 2530 174 2565 ubi
199 2531 282 2575 ssg..
316 2539 357 2562 ut
382 2525 494 2565 aiibi,
521 2522 582 2568 (cf.
610 2524 715 2557 Dein.
737 2522 810 2556 line
830 2522 910 2557 lud.
932 2535 1014 2569 244,
1032 2534 1089 2558 11.
1108 2526 1199 2560 οὐδὲν
1218 2522 1298 2559 ἑκὼν
1320 2526 1632 2567 παραλείψω,3οε.

112 2591 144 2613 ι.
167 2581 266 2621 μηδὲν
284 2582 522 2621 παραλείπων,
552 2582 609 2615 13,
628 2573 695 2607 ult.
725 2575 805 2609 116.
822 2583 876 2615 14.
908 2582 1087 2619 133‚pen.
1116 2584 1196 2618 230,
1219 2578 1274 2607 16.
1306 2585 1389 2616 259,
1405 2584 1459 2614 19.
1482 2570 1630 2610 it.Xeu.
1662 2576 1675 2607 ’ἰ

107 2626 202 2670 '²⁸2ss-
218 2627 279 2670 Z.)
301 2628 360 2662 ied
376 2638 413 2660 iu
437 2625 500 2660 rei.
513 2636 595 2657 cum
610 2624 669 2662 1’.,
694 2621 889 2656 tantumin
912 2622 1046 2658 ordine
1058 2622 1241 2662 severior,
1264 2634 1303 2658 et
1321 2620 1483 2658 diversus
1506 2619 1542 2654 in
1565 2631 1629 2656 ex·
1658 2636 1670 2646 ’-

108 2679 262 2725 pieth.
275 2676 402 2716 iubst.,·
431 2685 586 2709 tenente
599 2673 679 2718 Stp.
695 2671 768 2705 Th.
781 2668 818 2704 in
835 2683 866 2707 Λ.
888 2675 1012 2717 2‚623.
1028 2674 1133 2709 D.m.
1152 2671 1351 2707 formulam
1374 2669 1525 2707 aliunde
1543 2680 1629 2706 cuin

108 2728 173 2775 Bg.
198 2728 273 2761 Lat.
287 2749 297 2765 ‚
331 2724 379 2760 cf.
401 2736 433 2765 1,
454 2733 512 2768 13,
537 2734 592 2765 14.
611 2734 642 2756 e.
655 2744 667 2760 ,
692 2731 840 2756 tacente
859 2732 988 2757 contra
1011 2722 1058 2757 de
1075 2724 1188 2758 altera
1205 2737 1257 2764 μν.
1274 2724 1332 2766 ἂξ.
1350 2733 1383 2755 ν.
1394 2732 1467 2756 utr.
1480 2743 1491 2760 ,
1518 2729 1628 2766 quam

107 2788 147 2813 ν.
167 2788 225 2825 ap.
247 2773 340 2812 Pois.
359 2773 451 2811 ean.
472 2785 509 2821 p.
523 2782 605 2816 58²·
624 2783 674 2808 m.
702 2782 723 2806 e
743 2770 855 2805 Dem.
878 2769 955 2807 fine
971 2772 1052 2808 lnd.
1065 2795 1078 2813 ,
1116 2784 1183 2819 per
1202 2771 1308 2809 lndd.
1335 2782 1417 2807 non
1443 2778 1628 2816 repertam
