1727 3157
145 112 171 156 8
287 106 458 159 LIBER
478 106 534 155 II.
570 106 702 153 CAP.
722 105 759 153 I.
791 106 846 151 A.
867 105 925 151 V.
949 105 998 152 C.
1017 104 1139 162 946.
1179 103 1318 150 CHR.
1332 103 1396 148 N.
1414 107 1443 146 ’1
1459 113 1543 161 93.

144 227 202 277 εἰς
228 220 278 272 τὸ
304 224 530 291 άξιςεῖονυ
570 215 873 289 ἀπέπεμψαν.
910 225 1010 273 culo
1030 219 1343 298 imposuissent,
1379 225 1426 272 in
1440 219 1663 272 Aristeum

194 317 201 319 -
234 361 270 397 u)
297 358 343 390 Μ.
361 357 418 390 Ba.
435 359 542 399 ὰςίςιου
567 366 600 391 ν.
620 354 669 393 N.
742 330 746 333 Ἴ

145 471 265 510 Getae
304 468 542 520 imperatoris
577 467 685 507 amici
722 480 763 506 et
795 467 950 506 mInistri
984 481 1002 504 a
1038 467 1223 512 Caracalla
1261 467 1372 505 fratre
1408 467 1665 506 condemnati.
1684 512 1691 517 .
1717 470 1723 510 ἶ

145 522 261 560 Leisn.

247 573 288 607 In
310 569 432 606 Nostri
457 568 610 617 quidem
631 567 746 604 altero
766 566 854 603 loco
874 566 942 603 alia
963 566 1063 604 causa
1082 566 1232 604 videtur
1258 565 1350 610 effe,
1385 565 1446 604 sed
1467 565 1529 604 hic
1548 564 1666 604 modo

143 619 357 660 festinatio,
389 628 432 655 ut
453 630 562 666 quam
584 615 774 654 celerrime
794 617 949 653 cadaver
973 628 1199 656 amoveatur.

196 675 241 711 εἰς
261 667 304 705 τδ
324 671 484 713 agarem)
509 669 596 703 Hoc
617 664 782 714 agnoscit
805 665 918 702 etiam
938 666 1017 702 1201.
1040 665 1169 703 Verfio
1188 664 1390 715 Aristeum,
1415 677 1453 702 et
1466 663 1669 703 Memmius

147 731 191 754 ex
211 718 320 754 huius
344 716 514 754 historiae
533 716 605 761 l.4.
626 712 797 763 colligit,
821 713 928 751 fuiffe
950 715 1158 762 sepulcrum
1179 715 1407 763 principum.
1451 715 1524 752 Sed
1537 713 1671 752 reclius
1708 751 1720 765 Ι

145 766 294 805 fortasse
312 771 485 812 πρσάςειον
499 787 510 804 9
535 764 797 815 fieburbanum,
831 775 909 810 quo
929 765 1181 801 Commodum
1203 764 1426 813 delectatum
1447 763 1577 808 fuiss‘e',
1609 777 1672 812 pa-

146 827 205 854 tet
221 830 265 854 ex
289 816 482 863 praecedd.
505 828 538 858 1,
564 828 620 856 12,
647 826 700 850 11.
729 812 900 861 itemque
926 816 1103 851 Severum
1131 812 1232 849 infra
1252 823 1286 860 3,
1312 823 1367 861 13,
1386 828 1419 852 2.
1446 815 1538 863 sylb,
1596 815 1669 851 Pro

146 873 237 914 ἇρις.
258 866 346 902 fort.
365 865 437 914 leg.
457 871 655 912 προάςειον.
690 862 730 899 in
751 863 831 900 lnd.
858 864 966 900 Idem.
1025 865 1199 905 Nomen,
1233 873 1276 898 ut
1296 863 1462 904 videtur,
1499 862 1576 900 loci
1598 865 1672 901 Ro-

147 915 270 956 mani,
298 915 336 951 in
356 927 467 963 quem
489 926 624 963 corpus
646 912 848 950 Commodi
869 912 1012 950 miffum
1030 911 1118 950 fuit.
1169 912 1375 949 Memmius
1397 911 1613 955 exHerodi.
1631 925 1672 959 4,
1702 932 1707 938 κ

152 978 186 1006 1,
207 979 243 1010 7.
267 963 427 1013 colligit,
452 963 558 1001 fuiss'e
576 962 789 1008 sepulcrum
806 960 1017 1009 principum
1035 962 1085 1000 ita
1106 962 1258 1003 distum.
1309 963 1413 1011 Sylb.
1435 974 1562 999 tamen
1581 974 1674 998 con-

147 1014 231 1052 iicit
245 1038 255 1055 ,
285 1013 484 1062 legendum
505 1012 575 1050 effe
593 1017 791 1059 προάςειον,
823 1023 898 1059 quo
910 1013 1143 1049 Commodus
1163 1012 1367 1050 deleaatus
1386 1011 1429 1049 fit
1447 1025 1486 1050 et
1500 1014 1673 1050 Severus.

148 1065 284 1101 scheid.
338 1063 442 1099 Olim
464 1062 617 1110 quidem
634 1061 903 1104 existimabam,
939 1059 1014 1110 legi
1044 1061 1193 1098 fortasse
1221 1061 1358 1098 debere
1377 1062 1574 1108 'Agasasfom
1608 1061 1674 1103 ita,

147 1125 194 1151 ut
221 1111 408 1161 praedium
439 1112 629 1148 cuiusdam
658 1109 782 1147 Aristii
801 1110 912 1147 effer:
949 1111 1095 1159 postea,
1129 1122 1273 1148 mutata
1300 1111 1505 1152 sententia,
1544 1110 1676 1159 putavi

150 1162 426 1200 emendandum
450 1167 494 1203 εἰς
514 1160 555 1199 τδ
575 1167 762 1205 oreada-stov.
810 1159 904 1202 Sed.
935 1173 978 1197 ut
997 1161 1038 1198 in
1061 1174 1100 1198 re
1120 1160 1211 1200 mihi
1232 1161 1385 1208 quidem
1407 1161 1581 1201 obscura,
1616 1160 1675 1196 ni-

149 1212 206 1250 hil
228 1212 419 1248 affirmem.
446 1211 530 1247 Fab.
578 1211 725 1259 Legunt
743 1208 826 1253 alii,
851 1209 996 1252 nescio..
1025 1222 1095 1257 qua
1113 1209 1208 1252 fide,
1233 1210 1431 1257 π’ςοαςεΐον,
1458 1209 1521 1258 (fic
1538 1210 1578 1246 in
1597 1220 1674 1247 utr.
1709 1250 1716 1258 ¹

152 1261 228 1306 ed.)
256 1263 372 1297 Oxou.
434 1261 559 1298 Nemo
587 1260 772 1308 explicare
803 1259 945 1307 potest,
980 1259 1073 1308 quid
1102 1259 1143 1296 lit
1163 1260 1325 1307 Ἀριςεῖον
1343 1261 1480 1302 hocce,
1513 1271 1578 1296 aut
1607 1258 1674 1296 ubi

149 1309 275 1349 fuerit.
328 1309 432 1356 Qid
453 1308 477 1346 si
507 1311 604 1346 hanc
630 1321 764 1345 vocem
789 1321 832 1350 ex
857 1309 983 1358 lingua
1012 1319 1139 1346 vetere
1156 1310 1367 1353 Teutonica
1397 1310 1677 1346 derivaremus?

150 1358 378 1398 Teutonicis
406 1359 589 1396 militibus
618 1357 767 1406 stipatus
797 1357 882 1395 fuit
900 1359 1156 1402 Commodus,
1192 1359 1255 1407 qui
1284 1359 1378 1395 hanc
1398 1357 1677 1396 denominatio-

151 1423 241 1447 nem
264 1422 308 1446 ex
332 1409 533 1448 Germania
553 1407 932 1451 Romamstransferre
960 1420 1133 1456 potuere.
1190 1411 1263 1456 Ap.
1291 1419 1436 1446 veteres
1464 1410 1676 1446 Germanos

152 1457 319 1508 Aristato
341 1457 391 1494 est
409 1457 690 1495 monimentum
716 1457 942 1506 sepulcrale,
979 1472 1014 1494 v.
1036 1458 1220 1495 Wachter.
1239 1457 1356 1507 Gloss.
1381 1471 1415 1507 p.
1435 1471 1494 1501 72.
1542 1457 1678 1495 Reine-

151 1508 224 1546 fius
243 1505 378 1544 alicubi
399 1508 569 1549 notavit,
607 1505 665 1553 (in
687 1518 798 1556 marg.
820 1505 921 1544 forte
942 1507 999 1544 ed.
1019 1509 1113 1554 Par.)
1134 1507 1169 1544 se
1187 1508 1347 1555 Ἀριςεῑον
1365 1507 1603 1555 interpretari
1622 1507 1678 1544 lo-

153 1570 239 1594 cum
254 1582 265 1598 ,
301 1559 340 1593 in
362 1569 472 1604 quem
495 1557 634 1593 Romae
653 1557 852 1605 Optimates
875 1556 1077 1593 convenire
1103 1557 1276 1594 solerent.
1335 1559 1408 1594 Sed
1436 1557 1501 1595 ubi
1529 1556 1677 1595 mentio

152 1607 197 1645 fit
220 1606 319 1642 istius
342 1606 442 1642 loci?
481 1605 546 1641 Iste
566 1606 671 1642 locus
692 1618 810 1654 aeque
829 1605 978 1656 ignotus
994 1631 1004 1648 ‚
1040 1619 1081 1650 ac
1101 1606 1274 1653 Ἀςιςεῖον.
1325 1609 1438 1644 Forte
1461 1609 1531 1656 leg.
1553 1607 1677 1646 Ἀντω-

152 1661 246 1695 νῒυυν.
283 1656 400 1702 Leisn.
461 1655 565 1703 Lego
595 1657 804 1700 Αὐγουςεῖον.
867 1657 1081 1706 Augusteum
1113 1656 1364 1704 appellabatur
1403 1656 1678 1698 conditorium,

154 1705 221 1750 ubi
256 1705 402 1742 cineres
433 1716 471 1741 et
501 1705 573 1741 ossa
596 1705 846 1753 Augustorum
873 1706 1162 1742 tumulabantur.
1218 1706 1346 1754 Vulgo
1373 1707 1678 1754 pronunciabant

154 1755 350 1799 Ἀγυςεῖον,
377 1753 479 1790 unde
499 1764 583 1790 nata
597 1753 757 1803 vulgaris
777 1754 900 1792 lefflo.
952 1753 1126 1802 Cogitavi
1148 1755 1259 1792 etiam
1280 1755 1484 1804 aliquando
1499 1756 1679 1803 de'Aaqa-

156 1809 265 1844 ςεῖον,
302 1803 444 1851 templo
467 1802 645 1839 Nemesis.
669 1801 785 1839 Reisk.
838 1803 1012 1840 Exercuit
1033 1805 1135 1840 viros
1155 1805 1287 1842 dostos
1305 1817 1376 1842 vox
1396 1811 1551 1852 ὰςιςεῖον,
1578 1805 1678 1841 varie

156 1865 232 1901 que
262 1866 342 1889 eam
368 1863 576 1889 tentarunt.
638 1853 712 1894 Sed
740 1852 839 1889 nihil
870 1853 1091 1889 mutandum
1114 1853 1182 1890 esse
1207 1866 1299 1901 puto
1319 1855 1357 1890 in
1379 1856 1539 1892 lestione
1566 1855 1679 1891 huius

157 1903 246 1944 loci,
274 1915 311 1938 et
336 1901 491 1938 minime
510 1900 719 1938 verosimile
738 1902 802 1942 est,
836 1903 1057 1938 notiffimam
1077 1916 1208 1940 vocem
1226 1910 1402 1950 προὰςειον
1423 1917 1441 1940 a
1460 1903 1617 1941 librariis
1638 1904 1680 1941 in

157 1953 255 1989 hanc
285 1950 582 1988 transformatam
609 1950 702 1992 effe,
738 1963 849 1998 quam
879 1952 1006 1998 potius
1033 1952 1077 1987 ad
1100 1953 1263 1990 eundem
1290 1953 1443 1990 modum
1478 1953 1681 1990 formatam

159 2002 319 2042 censeo,
356 2011 399 2036 ut
427 2013 539 2037 voces
568 2004 782 2045 πρυτανεῖον,
819 2006 990 2039 ἀνάκειον,
1027 2007 1217 2046 aspamam,
1248 2002 1441 2050 ἧςκκλεῖαν,
1475 2014 1538 2046 et,
1575 2002 1681 2052 quod

159 2049 316 2096 propius
346 2050 419 2085 huc
454 2049 637 2096 pertinet,
679 2050 898 2093 μωυσώλεκιν.
965 2052 1106 2086 Locum
1131 2052 1312 2088 denotare
1341 2053 1512 2093 videtur,
1557 2054 1622 2090 ubi
1650 2056 1682 2090 ol

161 2098 269 2146 ἕξις-οι
288 2098 580 2145 sepeliebantur,
611 2095 658 2133 cf.
679 2112 715 2144 4,
741 2111 769 2134 1.
828 2100 972 2136 Notum
998 2099 1066 2141 est,
1095 2104 1238 2147 ἆςιςεῒον
1265 2101 1352 2138 alias
1380 2100 1523 2137 donum
1546 2101 1682 2152 signifi-

162 2160 267 2190 care,
303 2147 407 2195 quod
436 2146 619 2183 militibus
654 2159 807 2195 propter
837 2147 1107 2185 fortitudinem
1133 2148 1376 2186 tribuebatur.
1410 2151 1546 2187 Stroth.
1596 2153 1683 2189 Vox

161 2198 251 2234 haec
272 2195 344 2232 iam
366 2196 429 2233 diu
452 2194 616 2231 turbavit
638 2196 846 2233 Herodiani
869 2197 1104 2245 interpretes.
1166 2200 1268 2247 Sylb.
1296 2198 1370 2248 legi
1400 2201 1550 2238 volebat
1576 2207 1678 2247 προά·

163 2261 282 2300 sturia,⁴
299 2245 397 2294 quod
421 2245 575 2281 minime
595 2245 686 2300 milii
708 2246 859 2293 quidem
882 2248 1012 2294 placet.
1071 2248 1270 2286 Memmius
1291 2262 1334 2286 ex
1356 2262 1390 2294 4,
1416 2262 1444 2291 r,
1463 2262 1498 2294 7.
1519 2250 1677 2300 colligit,

163 2295 358 2344 significari
379 2306 580 2330 commune
611 2296 823 2342 principum
855 2307 1153 2334 monumentum.
1206 2298 1369 2334 Eandem
1391 2299 1678 2347 explicationem

163 2343 379 2388 nuperrime
397 2343 588 2390 amplexus
609 2343 658 2379 est
678 2344 880 2382 strothius.
932 2345 1004 2382 Sed
1025 2347 1136 2383 velim
1157 2346 1278 2394 primo
1298 2348 1410 2389 scire,
1435 2348 1591 2395 quinam
1610 2348 1678 2387 fiat

166 2401 196 2439 οἱ
218 2392 346 2438 §ersom
382 2391 449 2430 soli
470 2405 518 2429 ne
541 2393 798 2439 imperatores,
819 2415 855 2423 —
874 2395 976 2443 quod
998 2407 1126 2433 contra
1148 2410 1300 2433 omnem
1322 2398 1490 2434 omnium
1512 2411 1551 2436 et
1562 2401 1679 2436 Hero-

168 2443 266 2478 diani
290 2442 328 2478 in
348 2441 478 2489 primis
498 2443 603 2478 usum
623 2442 803 2490 loquendi
821 2456 1023 2494 pugnar,--
1041 2458 1087 2482 an
1109 2445 1220 2483 etiam
1241 2446 1323 2490 alii,
1349 2459 1485 2496 genere
1503 2447 1682 2485 illustres?

168 2492 320 2527 Deinde
347 2504 392 2527 an
426 2491 538 2528 noctu
563 2491 721 2528 licuisset
742 2505 878 2540 corpus
900 2495 1101 2531 Commodi
1133 2495 1173 2532 in
1196 2496 1385 2542 publicum
1413 2497 1682 2544 imperatorum

168 2551 455 2579 monumentum
478 2540 701 2585 deportare?
744 2542 858 2588 Qod
877 2557 965 2580 vero
987 2544 1145 2582 maxime
1162 2546 1297 2582 militat
1316 2558 1446 2583 contra
1464 2547 1680 2595 explicatio-

169 2602 256 2630 nem
289 2590 464 2626 Strothii:
511 2590 589 2626 Ael.
619 2591 852 2637 Lampridius
873 2594 1124 2630 Commodum
1149 2594 1203 2631 bis
1225 2595 1420 2632 humatum
1448 2595 1519 2633 ess'e
1548 2607 1684 2641 narrat.⁸

169 2640 337 2680 Primum
369 2639 470 2673 enim
499 2639 589 2674 clam
621 2651 686 2686 per
713 2641 860 2678 noctem
893 2642 1057 2688 sepultus
1079 2644 1127 2680 est
1147 2656 1179 2679 c.
1200 2656 1257 2681 20.
1287 2646 1325 2681 in
1347 2647 1493 2682 Comm.
1516 2647 1579 2690 (T.
1600 2660 1621 2682 ι.
1642 2658 1682 2694 p.

173 2699 251 2731 52]-
271 2690 338 2741 e).
370 2687 471 2723 Idem
490 2687 561 2723 Dio
581 2689 682 2730 Cas„
712 2691 771 2726 vel
787 2690 912 2737 potius
930 2692 1042 2739 Xiph.
1066 2692 1199 2735 tradit,
1228 2694 1429 2732 secundum
1449 2707 1560 2743 quem
1574 2698 1686 2739 Com..

174 2737 307 2783 modus
329 2737 509 2783 insciente
528 2736 657 2783 senatu
678 2750 716 2777 et
729 2741 871 2797 populo
885 2753 1003 2789 terrae
1019 2741 1177 2787 traditus
1199 2743 1259 2789 est.
1313 2747 1442 2796 Quum
1453 2744 1555 2791 enim
1565 2745 1688 2797 pleb&
