<?xml version="1.0" encoding="UTF-8"?>
<!DOCTYPE html PUBLIC "-//W3C//DTD XHTML 1.0 Transitional//EN"
    "http://www.w3.org/TR/xhtml1/DTD/xhtml1-transitional.dtd">
<html xmlns="http://www.w3.org/1999/xhtml" xml:lang="en" lang="en">
 <head>
  <title>
</title>
<meta http-equiv="Content-Type" content="text/html;charset=utf-8" />
  <meta name='ocr-system' content='tesseract 3.04.00' />
  <meta name='ocr-capabilities' content='ocr_page ocr_carea ocr_par ocr_line ocrx_word'/>
</head>
<body>
  <div class='ocr_page' id='page_1' title='image "./historiarumlibri02hero/historiarumlibri02hero_1083.png"; bbox 0 0 1717 3082; ppageno 0'>
   <div class='ocr_carea' id='block_1_1' title="bbox 40 38 1559 163">
    <p class='ocr_par' dir='ltr' id='par_1_1' title="bbox 40 38 1559 163">
     <span class='ocr_line' id='line_1_1' title="bbox 40 38 1559 163; baseline 0.013 -34"><span class='ocrx_word' id='word_1_1' title='bbox 40 48 44 51; x_wconf 12' lang='grc' dir='ltr'>μ</span> <span class='ocrx_word' id='word_1_2' title='bbox 105 38 382 136; x_wconf 60' lang='grc' dir='ltr'>ιἱ-ΙΒΕῙίζΠΙ.</span> <span class='ocrx_word' id='word_1_3' title='bbox 401 83 650 132; x_wconf 78' lang='lat' dir='ltr'>CAPXIII.</span> <span class='ocrx_word' id='word_1_4' title='bbox 668 88 723 134; x_wconf 94' lang='lat' dir='ltr'>A.</span> <span class='ocrx_word' id='word_1_5' title='bbox 738 89 795 135; x_wconf 78' lang='lat' dir='ltr'>V.</span> <span class='ocrx_word' id='word_1_6' title='bbox 808 91 857 137; x_wconf 82' lang='lat' dir='ltr'>C.</span> <span class='ocrx_word' id='word_1_7' title='bbox 877 102 905 148; x_wconf 88' lang='lat'><strong>9</strong></span> <span class='ocrx_word' id='word_1_8' title='bbox 917 101 998 147; x_wconf 87' lang='lat'>70.</span> <span class='ocrx_word' id='word_1_9' title='bbox 1021 91 1260 142; x_wconf 82' lang='lat' dir='ltr'>CHR.N.2</span> <span class='ocrx_word' id='word_1_10' title='bbox 1277 110 1295 142; x_wconf 92' lang='lat'>1</span> <span class='ocrx_word' id='word_1_11' title='bbox 1311 108 1356 155; x_wconf 86' lang='lat'>7.</span> <span class='ocrx_word' id='word_1_12' title='bbox 1420 111 1441 148; x_wconf 84' lang='grc' dir='ltr'>Ι</span> <span class='ocrx_word' id='word_1_13' title='bbox 1455 115 1559 163; x_wconf 84' lang='grc'>009</span> 
     </span>
    </p>
   </div>
   <div class='ocr_carea' id='block_1_2' title="bbox 27 198 1605 737">
    <p class='ocr_par' dir='ltr' id='par_1_2' title="bbox 27 198 1605 737">
     <span class='ocr_line' id='line_1_2' title="bbox 33 198 1559 285; baseline 0.018 -42"><span class='ocrx_word' id='word_1_14' title='bbox 33 198 293 266; x_wconf 50' lang='lat' dir='ltr'>*afflengien</span> <span class='ocrx_word' id='word_1_15' title='bbox 314 209 349 233; x_wconf 80' lang='lat'>¹¹¹</span> <span class='ocrx_word' id='word_1_16' title='bbox 383 198 532 251; x_wconf 68' lang='grc' dir='ltr'><em>θέλων</em></span> <span class='ocrx_word' id='word_1_17' title='bbox 558 201 622 267; x_wconf 75' lang='grc' dir='ltr'><em>τῷ</em></span> <span class='ocrx_word' id='word_1_18' title='bbox 654 198 799 254; x_wconf 62' lang='grc' dir='ltr'>α’ὃελ-</span> <span class='ocrx_word' id='word_1_19' title='bbox 836 211 1006 261; x_wconf 84' lang='lat' dir='ltr'>sumere</span> <span class='ocrx_word' id='word_1_20' title='bbox 1047 217 1229 281; x_wconf 78' lang='lat' dir='ltr'>cupiens</span> <span class='ocrx_word' id='word_1_21' title='bbox 1275 236 1361 285; x_wconf 86' lang='lat' dir='ltr'>pro</span> <span class='ocrx_word' id='word_1_22' title='bbox 1403 222 1559 282; x_wconf 83' lang='lat' dir='ltr'>fratre;</span> 
     </span>
     <span class='ocr_line' id='line_1_3' title="bbox 38 271 1559 365; baseline 0.02 -47"><span class='ocrx_word' id='word_1_23' title='bbox 38 271 145 338; x_wconf 75' lang='grc' dir='ltr'>φῷ,</span> <span class='ocrx_word' id='word_1_24' title='bbox 175 271 342 323; x_wconf 67' lang='grc' dir='ltr'>πάντα</span> <span class='ocrx_word' id='word_1_25' title='bbox 373 275 563 331; x_wconf 69' lang='grc' dir='ltr'>ποιήσειν</span> <span class='ocrx_word' id='word_1_26' title='bbox 590 279 798 344; x_wconf 56' lang='lat' dir='ltr'>oio-pium</span> <span class='ocrx_word' id='word_1_27' title='bbox 835 292 983 336; x_wconf 85' lang='lat' dir='ltr'>omnia</span> <span class='ocrx_word' id='word_1_28' title='bbox 1012 288 1234 341; x_wconf 69' lang='lat' dir='ltr'>fasturum</span> <span class='ocrx_word' id='word_1_29' title='bbox 1266 298 1425 361; x_wconf 78' lang='lat' dir='ltr'>cupide</span> <span class='ocrx_word' id='word_1_30' title='bbox 1457 301 1559 365; x_wconf 89' lang='lat' dir='ltr'>pol—</span> 
     </span>
     <span class='ocr_line' id='line_1_4' title="bbox 32 348 1560 424; baseline 0.018 -27"><span class='ocrx_word' id='word_1_31' title='bbox 32 348 335 412; x_wconf 70' lang='grc' dir='ltr'>ὑπισχνεῖται</span> <span class='ocrx_word' id='word_1_32' title='bbox 359 364 395 414; x_wconf 75' lang='lat'>¹¹,</span> <span class='ocrx_word' id='word_1_33' title='bbox 422 353 567 423; x_wconf 66' lang='grc' dir='ltr'><em>καιξόν</em></span> <span class='ocrx_word' id='word_1_34' title='bbox 592 351 797 410; x_wconf 46' lang='lat' dir='ltr'>{vividae</span> <span class='ocrx_word' id='word_1_35' title='bbox 836 363 1016 423; x_wconf 84' lang='lat' dir='ltr'><strong>licetur,</strong></span> <span class='ocrx_word' id='word_1_36' title='bbox 1063 368 1328 418; x_wconf 80' lang='lat' dir='ltr'>occasionem</span> <span class='ocrx_word' id='word_1_37' title='bbox 1362 391 1560 424; x_wconf 79' lang='lat' dir='ltr'>commo-</span> 
     </span>
     <span class='ocr_line' id='line_1_5' title="bbox 33 423 1559 500; baseline 0.017 -26"><span class='ocrx_word' id='word_1_38' title='bbox 33 446 81 475; x_wconf 82' lang='grc' dir='ltr'>ον</span> <span class='ocrx_word' id='word_1_39' title='bbox 121 423 264 496; x_wconf 64' lang='lat' dir='ltr'>iugc-iv.</span> <span class='ocrx_word' id='word_1_40' title='bbox 327 426 492 491; x_wconf 65' lang='grc' dir='ltr'><em>συνέβη</em></span> <span class='ocrx_word' id='word_1_41' title='bbox 531 425 581 479; x_wconf 62' lang='grc' dir='ltr'>δὲ</span> <span class='ocrx_word' id='word_1_42' title='bbox 621 434 717 496; x_wconf 82' lang='grc' dir='ltr'><em>μετ’</em></span> <span class='ocrx_word' id='word_1_43' title='bbox 751 435 799 482; x_wconf 74' lang='grc' dir='ltr'>οὐ</span> <span class='ocrx_word' id='word_1_44' title='bbox 842 454 888 496; x_wconf 82' lang='lat'>7.</span> <span class='ocrx_word' id='word_1_45' title='bbox 914 441 1016 488; x_wconf 85' lang='lat' dir='ltr'>dam</span> <span class='ocrx_word' id='word_1_46' title='bbox 1041 442 1235 492; x_wconf 69' lang='lat' dir='ltr'>nastum.</span> <span class='ocrx_word' id='word_1_47' title='bbox 1291 448 1451 498; x_wconf 75' lang='lat' dir='ltr'>Evenit</span> <span class='ocrx_word' id='word_1_48' title='bbox 1480 471 1559 500; x_wconf 88' lang='lat' dir='ltr'>au-</span> 
     </span>
     <span class='ocr_line' id='line_1_6' title="bbox 35 499 1558 589; baseline 0.016 -38"><span class='ocrx_word' id='word_1_49' title='bbox 35 499 162 552; x_wconf 61' lang='lat' dir='ltr'>maz&gt;</span> <span class='ocrx_word' id='word_1_50' title='bbox 183 504 261 560; x_wconf 73' lang='grc' dir='ltr'>τῆς</span> <span class='ocrx_word' id='word_1_51' title='bbox 286 502 492 568; x_wconf 71' lang='grc' dir='ltr'><em>σκέψεως</em></span> <span class='ocrx_word' id='word_1_52' title='bbox 516 505 695 569; x_wconf 67' lang='grc' dir='ltr'>ταύτης,</span> <span class='ocrx_word' id='word_1_53' title='bbox 720 508 793 558; x_wconf 71' lang='grc' dir='ltr'>θε·</span> <span class='ocrx_word' id='word_1_54' title='bbox 835 527 927 563; x_wconf 83' lang='lat' dir='ltr'>tem</span> <span class='ocrx_word' id='word_1_55' title='bbox 966 518 1084 566; x_wconf 86' lang='lat' dir='ltr'>haud</span> <span class='ocrx_word' id='word_1_56' title='bbox 1128 523 1269 571; x_wconf 86' lang='lat' dir='ltr'>multo</span> <span class='ocrx_word' id='word_1_57' title='bbox 1311 525 1408 589; x_wconf 86' lang='lat' dir='ltr'>post</span> <span class='ocrx_word' id='word_1_58' title='bbox 1444 527 1558 577; x_wconf 87' lang='lat' dir='ltr'>hanc</span> 
     </span>
     <span class='ocr_line' id='line_1_7' title="bbox 35 578 1558 654; baseline 0.014 -24"><span class='ocrx_word' id='word_1_59' title='bbox 35 580 182 635; x_wconf 77' lang='grc' dir='ltr'>λῆσαι</span> <span class='ocrx_word' id='word_1_60' title='bbox 221 578 294 629; x_wconf 73' lang='grc' dir='ltr'>τὸν</span> <span class='ocrx_word' id='word_1_61' title='bbox 336 581 595 645; x_wconf 77' lang='grc' dir='ltr'>Ἀντωνῖνον,</span> <span class='ocrx_word' id='word_1_62' title='bbox 633 579 791 654; x_wconf 63' lang='grc' dir='ltr'>ὃιειτςῖ-</span> <span class='ocrx_word' id='word_1_63' title='bbox 834 592 1205 654; x_wconf 86' lang='lat' dir='ltr'>deliberationem,</span> <span class='ocrx_word' id='word_1_64' title='bbox 1243 610 1293 646; x_wconf 83' lang='lat' dir='ltr'>ut</span> <span class='ocrx_word' id='word_1_65' title='bbox 1315 603 1442 650; x_wconf 78' lang='lat' dir='ltr'>vellet</span> <span class='ocrx_word' id='word_1_66' title='bbox 1463 609 1558 653; x_wconf 83' lang='lat' dir='ltr'>An-</span> 
     </span>
     <span class='ocr_line' id='line_1_8' title="bbox 27 653 1605 737; baseline 0.016 -33"><span class='ocrx_word' id='word_1_67' title='bbox 27 653 182 720; x_wconf 67' lang='grc' dir='ltr'><em>βοντει</em></span> <span class='ocrx_word' id='word_1_68' title='bbox 209 655 250 707; x_wconf 81' lang='grc' dir='ltr'>ἐν</span> <span class='ocrx_word' id='word_1_69' title='bbox 271 656 463 729; x_wconf 73' lang='grc' dir='ltr'>Κοίῤῥαις</span> <span class='ocrx_word' id='word_1_70' title='bbox 485 661 561 715; x_wconf 69' lang='grc' dir='ltr'>τῆς</span> <span class='ocrx_word' id='word_1_71' title='bbox 584 666 795 711; x_wconf 63' lang='lat' dir='ltr'>Meo-ovo·</span> <span class='ocrx_word' id='word_1_72' title='bbox 832 671 1035 727; x_wconf 78' lang='lat' dir='ltr'>tonitrus,</span> <span class='ocrx_word' id='word_1_73' title='bbox 1067 673 1143 737; x_wconf 90' lang='lat' dir='ltr'>qui</span> <span class='ocrx_word' id='word_1_74' title='bbox 1165 677 1308 722; x_wconf 86' lang='lat' dir='ltr'>Carris</span> <span class='ocrx_word' id='word_1_75' title='bbox 1339 680 1385 724; x_wconf 86' lang='lat' dir='ltr'>in</span> <span class='ocrx_word' id='word_1_76' title='bbox 1405 680 1555 729; x_wconf 87' lang='lat' dir='ltr'>Meso·</span> <span class='ocrx_word' id='word_1_77' title='bbox 1596 678 1605 682; x_wconf 64' lang='grc'><em>”</em></span> 
     </span>
    </p>
   </div>
   <div class='ocr_carea' id='block_1_3' title="bbox 123 796 1412 856">
    <p class='ocr_par' dir='ltr' id='par_1_3' title="bbox 123 796 1412 856">
     <span class='ocr_line' id='line_1_9' title="bbox 123 796 1412 856; baseline 0.013 -26"><span class='ocrx_word' id='word_1_78' title='bbox 123 800 172 838; x_wconf 86' lang='lat' dir='ltr'>m)</span> <span class='ocrx_word' id='word_1_79' title='bbox 196 796 266 832; x_wconf 68' lang='lat' dir='ltr'>Mt.</span> <span class='ocrx_word' id='word_1_80' title='bbox 284 799 344 834; x_wconf 82' lang='lat' dir='ltr'>Ba.</span> <span class='ocrx_word' id='word_1_81' title='bbox 361 805 532 845; x_wconf 62' lang='grc' dir='ltr'>τιμωρήσων</span> <span class='ocrx_word' id='word_1_82' title='bbox 549 807 639 837; x_wconf 59' lang='grc' dir='ltr'><strong><em>θέλων</em></strong></span> <span class='ocrx_word' id='word_1_83' title='bbox 659 811 693 839; x_wconf 75' lang='grc' dir='ltr'>λ.</span> <span class='ocrx_word' id='word_1_84' title='bbox 764 807 800 845; x_wconf 84' lang='lat' dir='ltr'>n)</span> <span class='ocrx_word' id='word_1_85' title='bbox 825 802 1006 846; x_wconf 58' lang='lat' dir='ltr'>§anxientu-</span> <span class='ocrx_word' id='word_1_86' title='bbox 1031 798 1111 856; x_wconf 36' lang='grc' dir='ltr'><strong><em>και-ρ.</em></strong></span> <span class='ocrx_word' id='word_1_87' title='bbox 1130 810 1196 843; x_wconf 78' lang='lat' dir='ltr'>MS.</span> <span class='ocrx_word' id='word_1_88' title='bbox 1217 812 1273 844; x_wconf 79' lang='lat' dir='ltr'>Ba.</span> <span class='ocrx_word' id='word_1_89' title='bbox 1295 822 1329 845; x_wconf 68' lang='lat' dir='ltr'>V.</span> <span class='ocrx_word' id='word_1_90' title='bbox 1348 805 1412 848; x_wconf 68' lang='lat' dir='ltr'>N.=</span> 
     </span>
    </p>
   </div>
   <div class='ocr_carea' id='block_1_4' title="bbox 23 916 1560 2304">
    <p class='ocr_par' dir='ltr' id='par_1_4' title="bbox 33 916 1554 1028">
     <span class='ocr_line' id='line_1_10' title="bbox 33 916 1554 978; baseline 0.012 -20"><span class='ocrx_word' id='word_1_91' title='bbox 33 916 108 958; x_wconf 70' lang='lat' dir='ltr'>alia</span> <span class='ocrx_word' id='word_1_92' title='bbox 128 918 176 957; x_wconf 89' lang='lat' dir='ltr'>de</span> <span class='ocrx_word' id='word_1_93' title='bbox 192 920 321 960; x_wconf 74' lang='lat' dir='ltr'>causa·</span> <span class='ocrx_word' id='word_1_94' title='bbox 348 922 398 960; x_wconf 86' lang='lat' dir='ltr'>ob</span> <span class='ocrx_word' id='word_1_95' title='bbox 419 922 572 961; x_wconf 86' lang='lat' dir='ltr'>iniurias</span> <span class='ocrx_word' id='word_1_96' title='bbox 590 923 631 963; x_wconf 86' lang='lat' dir='ltr'>in</span> <span class='ocrx_word' id='word_1_97' title='bbox 652 924 700 963; x_wconf 87' lang='lat' dir='ltr'>se.</span> <span class='ocrx_word' id='word_1_98' title='bbox 751 927 824 964; x_wconf 87' lang='lat' dir='ltr'>Sed</span> <span class='ocrx_word' id='word_1_99' title='bbox 847 939 904 966; x_wconf 86' lang='lat' dir='ltr'>res</span> <span class='ocrx_word' id='word_1_100' title='bbox 925 926 998 966; x_wconf 82' lang='lat' dir='ltr'>Ms.</span> <span class='ocrx_word' id='word_1_101' title='bbox 1017 926 1167 978; x_wconf 85' lang='lat' dir='ltr'>quidem</span> <span class='ocrx_word' id='word_1_102' title='bbox 1187 933 1247 971; x_wconf 88' lang='lat' dir='ltr'>Vi.</span> <span class='ocrx_word' id='word_1_103' title='bbox 1271 933 1426 972; x_wconf 81' lang='lat' dir='ltr'>levicula</span> <span class='ocrx_word' id='word_1_104' title='bbox 1445 938 1494 974; x_wconf 84' lang='lat' dir='ltr'>est</span> <span class='ocrx_word' id='word_1_105' title='bbox 1513 935 1554 976; x_wconf 80' lang='lat' dir='ltr'>in</span> 
     </span>
     <span class='ocr_line' id='line_1_11' title="bbox 34 969 1554 1028; baseline 0.012 -22"><span class='ocrx_word' id='word_1_106' title='bbox 34 969 168 1007; x_wconf 76' lang='lat' dir='ltr'>omisso</span> <span class='ocrx_word' id='word_1_107' title='bbox 185 977 226 1009; x_wconf 82' lang='grc' dir='ltr'>τὲ</span> <span class='ocrx_word' id='word_1_108' title='bbox 253 972 376 1019; x_wconf 88' lang='lat' dir='ltr'>primo</span> <span class='ocrx_word' id='word_1_109' title='bbox 400 973 554 1012; x_wconf 85' lang='lat' dir='ltr'><strong>innoxie</strong></span> <span class='ocrx_word' id='word_1_110' title='bbox 574 977 616 1014; x_wconf 82' lang='lat' dir='ltr'>ad</span> <span class='ocrx_word' id='word_1_111' title='bbox 637 975 778 1014; x_wconf 87' lang='lat' dir='ltr'>sensum</span> <span class='ocrx_word' id='word_1_112' title='bbox 802 988 841 1013; x_wconf 92' lang='lat' dir='ltr'>et</span> <span class='ocrx_word' id='word_1_113' title='bbox 867 977 1021 1023; x_wconf 83' lang='lat' dir='ltr'>seriem,</span> <span class='ocrx_word' id='word_1_114' title='bbox 1053 992 1138 1018; x_wconf 88' lang='lat' dir='ltr'>ante</span> <span class='ocrx_word' id='word_1_115' title='bbox 1157 982 1256 1020; x_wconf 84' lang='lat' dir='ltr'>aliud</span> <span class='ocrx_word' id='word_1_116' title='bbox 1275 990 1337 1025; x_wconf 71' lang='grc' dir='ltr'>τέ,</span> <span class='ocrx_word' id='word_1_117' title='bbox 1363 985 1412 1022; x_wconf 86' lang='lat' dir='ltr'>cf.</span> <span class='ocrx_word' id='word_1_118' title='bbox 1436 1000 1471 1027; x_wconf 85' lang='lat'>2,</span> <span class='ocrx_word' id='word_1_119' title='bbox 1496 999 1554 1028; x_wconf 75' lang='lat'>10,</span> 
     </span>
    </p>

    <p class='ocr_par' dir='ltr' id='par_1_5' title="bbox 23 1019 1560 2304">
     <span class='ocr_line' id='line_1_12' title="bbox 63 1019 1556 1081; baseline 0.011 -24"><span class='ocrx_word' id='word_1_120' title='bbox 63 1047 72 1057; x_wconf 90' lang='lat'>.</span> <span class='ocrx_word' id='word_1_121' title='bbox 95 1019 254 1058; x_wconf 82' lang='lat' dir='ltr'>fortaffis</span> <span class='ocrx_word' id='word_1_122' title='bbox 275 1023 324 1059; x_wconf 94' lang='lat' dir='ltr'>ob</span> <span class='ocrx_word' id='word_1_123' title='bbox 344 1023 521 1061; x_wconf 78' lang='lat' dir='ltr'>duritiem</span> <span class='ocrx_word' id='word_1_124' title='bbox 542 1027 727 1073; x_wconf 80' lang='lat' dir='ltr'>quandam</span> <span class='ocrx_word' id='word_1_125' title='bbox 748 1026 786 1063; x_wconf 89' lang='lat' dir='ltr'>in</span> <span class='ocrx_word' id='word_1_126' title='bbox 806 1028 921 1065; x_wconf 85' lang='lat' dir='ltr'>tribus</span> <span class='ocrx_word' id='word_1_127' title='bbox 940 1028 1086 1078; x_wconf 82' lang='lat' dir='ltr'>syllabis</span> <span class='ocrx_word' id='word_1_128' title='bbox 1108 1029 1299 1074; x_wconf 76' lang='lat' dir='ltr'>similibus,</span> <span class='ocrx_word' id='word_1_129' title='bbox 1320 1037 1410 1081; x_wconf 83' lang='lat' dir='ltr'>quas</span> <span class='ocrx_word' id='word_1_130' title='bbox 1430 1048 1556 1074; x_wconf 82' lang='lat' dir='ltr'>tamen</span> 
     </span>
     <span class='ocr_line' id='line_1_13' title="bbox 34 1030 1556 1134; baseline 0.011 -28"><span class='ocrx_word' id='word_1_131' title='bbox 34 1030 174 1109; x_wconf 61' lang='lat' dir='ltr'>{Ioster</span> <span class='ocrx_word' id='word_1_132' title='bbox 193 1083 276 1108; x_wconf 87' lang='lat' dir='ltr'>non</span> <span class='ocrx_word' id='word_1_133' title='bbox 299 1072 455 1122; x_wconf 81' lang='lat' dir='ltr'>refugit,</span> <span class='ocrx_word' id='word_1_134' title='bbox 484 1074 529 1110; x_wconf 89' lang='lat' dir='ltr'>cf.</span> <span class='ocrx_word' id='word_1_135' title='bbox 563 1088 593 1115; x_wconf 78' lang='grc' dir='ltr'>ι,</span> <span class='ocrx_word' id='word_1_136' title='bbox 613 1087 666 1122; x_wconf 83' lang='lat'>13,</span> <span class='ocrx_word' id='word_1_137' title='bbox 685 1089 714 1118; x_wconf 89' lang='lat'>7.</span> <span class='ocrx_word' id='word_1_138' title='bbox 739 1090 787 1113; x_wconf 78' lang='lat' dir='ltr'>m.</span> <span class='ocrx_word' id='word_1_139' title='bbox 809 1090 844 1119; x_wconf 87' lang='lat'>2,</span> <span class='ocrx_word' id='word_1_140' title='bbox 866 1090 900 1122; x_wconf 83' lang='lat'>9,</span> <span class='ocrx_word' id='word_1_141' title='bbox 924 1091 976 1123; x_wconf 80' lang='lat'>¹4-</span> <span class='ocrx_word' id='word_1_142' title='bbox 996 1077 1086 1117; x_wconf 75' lang='lat' dir='ltr'>sicut</span> <span class='ocrx_word' id='word_1_143' title='bbox 1105 1081 1198 1118; x_wconf 83' lang='lat' dir='ltr'>elabi</span> <span class='ocrx_word' id='word_1_144' title='bbox 1215 1089 1256 1120; x_wconf 70' lang='grc' dir='ltr'>τὲ</span> <span class='ocrx_word' id='word_1_145' title='bbox 1278 1083 1406 1130; x_wconf 81' lang='lat' dir='ltr'>potuit</span> <span class='ocrx_word' id='word_1_146' title='bbox 1427 1087 1474 1121; x_wconf 85' lang='lat' dir='ltr'>ob</span> <span class='ocrx_word' id='word_1_147' title='bbox 1500 1099 1556 1134; x_wconf 85' lang='lat' dir='ltr'>pr.</span> 
     </span>
     <span class='ocr_line' id='line_1_14' title="bbox 26 1119 1558 1173; baseline 0.01 -15"><span class='ocrx_word' id='word_1_148' title='bbox 26 1119 169 1158; x_wconf 62' lang='lat' dir='ltr'>⁴artic..</span> <span class='ocrx_word' id='word_1_149' title='bbox 193 1130 232 1157; x_wconf 86' lang='lat' dir='ltr'>at</span> <span class='ocrx_word' id='word_1_150' title='bbox 254 1121 407 1159; x_wconf 81' lang='lat' dir='ltr'>alterius</span> <span class='ocrx_word' id='word_1_151' title='bbox 432 1124 500 1160; x_wconf 85' lang='lat' dir='ltr'>Ms.</span> <span class='ocrx_word' id='word_1_152' title='bbox 524 1125 757 1172; x_wconf 77' lang='lat' dir='ltr'>participium</span> <span class='ocrx_word' id='word_1_153' title='bbox 781 1138 907 1163; x_wconf 87' lang='lat' dir='ltr'>ortum</span> <span class='ocrx_word' id='word_1_154' title='bbox 928 1127 997 1163; x_wconf 77' lang='lat' dir='ltr'>effe</span> <span class='ocrx_word' id='word_1_155' title='bbox 1024 1140 1042 1166; x_wconf 89' lang='lat' dir='ltr'>e</span> <span class='ocrx_word' id='word_1_156' title='bbox 1062 1127 1238 1167; x_wconf 88' lang='lat' dir='ltr'>finitione</span> <span class='ocrx_word' id='word_1_157' title='bbox 1266 1132 1368 1168; x_wconf 80' lang='lat' dir='ltr'>vocis</span> <span class='ocrx_word' id='word_1_158' title='bbox 1386 1134 1558 1173; x_wconf 83' lang='lat' dir='ltr'>subsecu-</span> 
     </span>
     <span class='ocr_line' id='line_1_15' title="bbox 35 1170 1557 1229; baseline 0.009 -21"><span class='ocrx_word' id='word_1_159' title='bbox 35 1182 122 1212; x_wconf 81' lang='lat' dir='ltr'>tae,</span> <span class='ocrx_word' id='word_1_160' title='bbox 151 1170 224 1208; x_wconf 84' lang='lat' dir='ltr'>iam</span> <span class='ocrx_word' id='word_1_161' title='bbox 249 1183 378 1210; x_wconf 85' lang='lat' dir='ltr'>mente</span> <span class='ocrx_word' id='word_1_162' title='bbox 399 1174 583 1222; x_wconf 84' lang='lat' dir='ltr'>cogitata;</span> <span class='ocrx_word' id='word_1_163' title='bbox 611 1187 823 1224; x_wconf 84' lang='lat' dir='ltr'>quanquam</span> <span class='ocrx_word' id='word_1_164' title='bbox 845 1189 884 1213; x_wconf 90' lang='lat' dir='ltr'>et</span> <span class='ocrx_word' id='word_1_165' title='bbox 907 1176 945 1213; x_wconf 91' lang='lat' dir='ltr'>in</span> <span class='ocrx_word' id='word_1_166' title='bbox 970 1190 1081 1226; x_wconf 79' lang='lat' dir='ltr'>marg.</span> <span class='ocrx_word' id='word_1_167' title='bbox 1106 1178 1245 1218; x_wconf 87' lang='lat' dir='ltr'>steterit</span> <span class='ocrx_word' id='word_1_168' title='bbox 1271 1181 1488 1229; x_wconf 64' lang='grc' dir='ltr'>τιμωρήσων,</span> <span class='ocrx_word' id='word_1_169' title='bbox 1513 1196 1557 1221; x_wconf 81' lang='lat' dir='ltr'>ut</span> 
     </span>
     <span class='ocr_line' id='line_1_16' title="bbox 37 1219 1559 1280; baseline 0.009 -22"><span class='ocrx_word' id='word_1_170' title='bbox 37 1219 149 1271; x_wconf 77' lang='lat' dir='ltr'>glossa</span> <span class='ocrx_word' id='word_1_171' title='bbox 174 1220 374 1272; x_wconf 81' lang='lat' dir='ltr'>utriusque</span> <span class='ocrx_word' id='word_1_172' title='bbox 392 1233 580 1270; x_wconf 66' lang='grc' dir='ltr'>τιμωρῆσαι</span> <span class='ocrx_word' id='word_1_173' title='bbox 605 1228 731 1268; x_wconf 68' lang='grc' dir='ltr'>θέλων,</span> <span class='ocrx_word' id='word_1_174' title='bbox 761 1238 825 1273; x_wconf 86' lang='lat' dir='ltr'>per</span> <span class='ocrx_word' id='word_1_175' title='bbox 846 1228 1164 1274; x_wconf 82' lang='lat' dir='ltr'>comparationem</span> <span class='ocrx_word' id='word_1_176' title='bbox 1187 1244 1220 1276; x_wconf 84' lang='grc'>4,</span> <span class='ocrx_word' id='word_1_177' title='bbox 1248 1243 1303 1277; x_wconf 76' lang='lat'>¹4·</span> <span class='ocrx_word' id='word_1_178' title='bbox 1326 1246 1355 1267; x_wconf 84' lang='lat'>2.</span> <span class='ocrx_word' id='word_1_179' title='bbox 1376 1245 1461 1269; x_wconf 84' lang='lat' dir='ltr'>cum</span> <span class='ocrx_word' id='word_1_180' title='bbox 1484 1247 1559 1280; x_wconf 84' lang='lat' dir='ltr'>que</span> 
     </span>
     <span class='ocr_line' id='line_1_17' title="bbox 35 1271 1558 1328; baseline 0.008 -23"><span class='ocrx_word' id='word_1_181' title='bbox 35 1277 74 1306; x_wconf 81' lang='grc' dir='ltr'>ν.</span> <span class='ocrx_word' id='word_1_182' title='bbox 94 1273 172 1310; x_wconf 63' lang='lat' dir='ltr'>sten-</span> <span class='ocrx_word' id='word_1_183' title='bbox 194 1280 281 1309; x_wconf 88' lang='lat' dir='ltr'>cum</span> <span class='ocrx_word' id='word_1_184' title='bbox 303 1271 373 1309; x_wconf 82' lang='lat' dir='ltr'>inf.</span> <span class='ocrx_word' id='word_1_185' title='bbox 393 1273 461 1310; x_wconf 87' lang='lat' dir='ltr'>stet</span> <span class='ocrx_word' id='word_1_186' title='bbox 480 1275 519 1310; x_wconf 91' lang='lat' dir='ltr'>in</span> <span class='ocrx_word' id='word_1_187' title='bbox 539 1275 734 1322; x_wconf 74' lang='lat' dir='ltr'>periphrasi</span> <span class='ocrx_word' id='word_1_188' title='bbox 754 1274 826 1311; x_wconf 86' lang='lat' dir='ltr'>fut.</span> <span class='ocrx_word' id='word_1_189' title='bbox 845 1275 869 1312; x_wconf 90' lang='lat' dir='ltr'>s.</span> <span class='ocrx_word' id='word_1_190' title='bbox 891 1274 1035 1323; x_wconf 82' lang='lat' dir='ltr'>supini,</span> <span class='ocrx_word' id='word_1_191' title='bbox 1060 1276 1106 1313; x_wconf 83' lang='lat' dir='ltr'>ef.</span> <span class='ocrx_word' id='word_1_192' title='bbox 1131 1292 1167 1324; x_wconf 84' lang='grc'>4,</span> <span class='ocrx_word' id='word_1_193' title='bbox 1191 1289 1224 1320; x_wconf 82' lang='lat'>8,</span> <span class='ocrx_word' id='word_1_194' title='bbox 1246 1290 1276 1320; x_wconf 82' lang='lat'>8.</span> <span class='ocrx_word' id='word_1_195' title='bbox 1298 1292 1329 1326; x_wconf 74' lang='lat'>3,</span> <span class='ocrx_word' id='word_1_196' title='bbox 1356 1292 1409 1327; x_wconf 85' lang='lat'>13,</span> <span class='ocrx_word' id='word_1_197' title='bbox 1432 1293 1478 1328; x_wconf 85' lang='lat'>3..</span> <span class='ocrx_word' id='word_1_198' title='bbox 1501 1284 1558 1320; x_wconf 85' lang='lat' dir='ltr'>ni-</span> 
     </span>
     <span class='ocr_line' id='line_1_18' title="bbox 34 1319 1559 1372; baseline 0.008 -15"><span class='ocrx_word' id='word_1_199' title='bbox 34 1319 93 1357; x_wconf 81' lang='lat' dir='ltr'>hil</span> <span class='ocrx_word' id='word_1_200' title='bbox 113 1333 180 1368; x_wconf 86' lang='lat' dir='ltr'>per</span> <span class='ocrx_word' id='word_1_201' title='bbox 206 1319 421 1360; x_wconf 80' lang='lat' dir='ltr'>libertatem</span> <span class='ocrx_word' id='word_1_202' title='bbox 443 1323 539 1360; x_wconf 83' lang='lat' dir='ltr'>suam</span> <span class='ocrx_word' id='word_1_203' title='bbox 563 1323 734 1361; x_wconf 78' lang='lat' dir='ltr'>edicente</span> <span class='ocrx_word' id='word_1_204' title='bbox 758 1326 817 1366; x_wconf 68' lang='lat' dir='ltr'>R,</span> <span class='ocrx_word' id='word_1_205' title='bbox 841 1324 902 1361; x_wconf 81' lang='lat' dir='ltr'>sed</span> <span class='ocrx_word' id='word_1_206' title='bbox 931 1327 1079 1362; x_wconf 85' lang='lat' dir='ltr'>brevius</span> <span class='ocrx_word' id='word_1_207' title='bbox 1097 1328 1279 1365; x_wconf 78' lang='lat' dir='ltr'>reddente</span> <span class='ocrx_word' id='word_1_208' title='bbox 1303 1332 1384 1367; x_wconf 83' lang='lat' dir='ltr'>Sch.</span> <span class='ocrx_word' id='word_1_209' title='bbox 1410 1333 1559 1372; x_wconf 81' lang='lat' dir='ltr'>„vindi-</span> 
     </span>
     <span class='ocr_line' id='line_1_19' title="bbox 35 1367 1557 1428; baseline 0.008 -22"><span class='ocrx_word' id='word_1_210' title='bbox 35 1367 336 1418; x_wconf 64' lang='lat' dir='ltr'>chrefratrem“</span> <span class='ocrx_word' id='word_1_211' title='bbox 362 1385 473 1421; x_wconf 86' lang='lat' dir='ltr'>quam</span> <span class='ocrx_word' id='word_1_212' title='bbox 496 1376 558 1422; x_wconf 83' lang='lat' dir='ltr'>ssg.</span> <span class='ocrx_word' id='word_1_213' title='bbox 583 1373 627 1408; x_wconf 83' lang='lat' dir='ltr'>ad</span> <span class='ocrx_word' id='word_1_214' title='bbox 647 1374 787 1411; x_wconf 72' lang='lat' dir='ltr'>senium</span> <span class='ocrx_word' id='word_1_215' title='bbox 809 1384 848 1409; x_wconf 88' lang='lat' dir='ltr'>et</span> <span class='ocrx_word' id='word_1_216' title='bbox 871 1375 1107 1412; x_wconf 84' lang='lat' dir='ltr'>notationem</span> <span class='ocrx_word' id='word_1_217' title='bbox 1122 1402 1132 1418; x_wconf 90' lang='lat'>,</span> <span class='ocrx_word' id='word_1_218' title='bbox 1161 1378 1207 1413; x_wconf 85' lang='lat' dir='ltr'>cf.</span> <span class='ocrx_word' id='word_1_219' title='bbox 1230 1380 1276 1415; x_wconf 87' lang='lat' dir='ltr'>de</span> <span class='ocrx_word' id='word_1_220' title='bbox 1297 1379 1358 1416; x_wconf 68' lang='lat' dir='ltr'>a&amp;-</span> <span class='ocrx_word' id='word_1_221' title='bbox 1384 1383 1461 1428; x_wconf 80' lang='lat' dir='ltr'>Stp.</span> <span class='ocrx_word' id='word_1_222' title='bbox 1483 1383 1557 1418; x_wconf 81' lang='lat' dir='ltr'>Th.</span> 
     </span>
     <span class='ocr_line' id='line_1_20' title="bbox 36 1418 1560 1475; baseline 0.008 -18"><span class='ocrx_word' id='word_1_223' title='bbox 36 1418 129 1457; x_wconf 86' lang='lat' dir='ltr'>hinc</span> <span class='ocrx_word' id='word_1_224' title='bbox 154 1418 232 1458; x_wconf 85' lang='lat' dir='ltr'>fine</span> <span class='ocrx_word' id='word_1_225' title='bbox 251 1422 316 1458; x_wconf 84' lang='lat' dir='ltr'>Vs.</span> <span class='ocrx_word' id='word_1_226' title='bbox 340 1432 374 1470; x_wconf 80' lang='lat'>3,</span> <span class='ocrx_word' id='word_1_227' title='bbox 401 1426 505 1469; x_wconf 81' lang='lat'>1576·</span> <span class='ocrx_word' id='word_1_228' title='bbox 536 1424 574 1459; x_wconf 89' lang='lat' dir='ltr'>F.</span> <span class='ocrx_word' id='word_1_229' title='bbox 593 1437 642 1460; x_wconf 88' lang='lat' dir='ltr'>m.</span> <span class='ocrx_word' id='word_1_230' title='bbox 672 1424 712 1460; x_wconf 89' lang='lat' dir='ltr'>it.</span> <span class='ocrx_word' id='word_1_231' title='bbox 739 1423 824 1461; x_wconf 77' lang='lat' dir='ltr'>Rud.</span> <span class='ocrx_word' id='word_1_232' title='bbox 848 1425 887 1463; x_wconf 81' lang='lat' dir='ltr'>C,</span> <span class='ocrx_word' id='word_1_233' title='bbox 917 1437 1022 1468; x_wconf 87' lang='lat'>1009,</span> <span class='ocrx_word' id='word_1_234' title='bbox 1047 1434 1102 1471; x_wconf 77' lang='lat'>33.</span> <span class='ocrx_word' id='word_1_235' title='bbox 1126 1426 1187 1463; x_wconf 88' lang='lat' dir='ltr'>sed</span> <span class='ocrx_word' id='word_1_236' title='bbox 1212 1440 1277 1475; x_wconf 85' lang='lat' dir='ltr'>per</span> <span class='ocrx_word' id='word_1_237' title='bbox 1300 1441 1439 1466; x_wconf 85' lang='lat' dir='ltr'>textum</span> <span class='ocrx_word' id='word_1_238' title='bbox 1470 1432 1560 1468; x_wconf 90' lang='lat' dir='ltr'>libe-</span> 
     </span>
     <span class='ocr_line' id='line_1_21' title="bbox 37 1473 1558 1528; baseline 0.005 -20"><span class='ocrx_word' id='word_1_239' title='bbox 37 1480 125 1508; x_wconf 72' lang='lat' dir='ltr'>tum</span> <span class='ocrx_word' id='word_1_240' title='bbox 145 1487 208 1511; x_wconf 76' lang='grc' dir='ltr'>υτ.</span> <span class='ocrx_word' id='word_1_241' title='bbox 226 1474 373 1518; x_wconf 41' lang='lat' dir='ltr'>Sama&amp;</span> <span class='ocrx_word' id='word_1_242' title='bbox 390 1475 600 1520; x_wconf 60' lang='grc' dir='ltr'>ἀναιρεθέντι</span> <span class='ocrx_word' id='word_1_243' title='bbox 626 1477 710 1510; x_wconf 51' lang='lat'>343³&lt;</span> <span class='ocrx_word' id='word_1_244' title='bbox 738 1473 930 1511; x_wconf 85' lang='lat' dir='ltr'>Suid.non</span> <span class='ocrx_word' id='word_1_245' title='bbox 945 1475 1030 1510; x_wconf 89' lang='lat' dir='ltr'>coll.</span> <span class='ocrx_word' id='word_1_246' title='bbox 1042 1476 1086 1511; x_wconf 88' lang='lat' dir='ltr'>ad</span> <span class='ocrx_word' id='word_1_247' title='bbox 1102 1477 1193 1512; x_wconf 87' lang='lat' dir='ltr'>Hes.</span> <span class='ocrx_word' id='word_1_248' title='bbox 1206 1478 1346 1514; x_wconf 83' lang='lat' dir='ltr'>Thom.</span> <span class='ocrx_word' id='word_1_249' title='bbox 1359 1481 1413 1515; x_wconf 78' lang='lat' dir='ltr'>M.</span> <span class='ocrx_word' id='word_1_250' title='bbox 1428 1493 1462 1527; x_wconf 91' lang='lat' dir='ltr'>p.</span> <span class='ocrx_word' id='word_1_251' title='bbox 1477 1491 1558 1528; x_wconf 80' lang='lat'>854.</span> 
     </span>
     <span class='ocr_line' id='line_1_22' title="bbox 34 1520 1556 1573; baseline 0.005 -17"><span class='ocrx_word' id='word_1_252' title='bbox 34 1520 217 1558; x_wconf 80' lang='lat' dir='ltr'>Ammon.</span> <span class='ocrx_word' id='word_1_253' title='bbox 238 1520 279 1559; x_wconf 92' lang='lat' dir='ltr'>L.</span> <span class='ocrx_word' id='word_1_254' title='bbox 302 1521 350 1559; x_wconf 88' lang='lat' dir='ltr'>N.</span> <span class='ocrx_word' id='word_1_255' title='bbox 374 1523 421 1557; x_wconf 87' lang='lat' dir='ltr'>T.</span> <span class='ocrx_word' id='word_1_256' title='bbox 442 1523 492 1559; x_wconf 95' lang='lat' dir='ltr'>O.</span> <span class='ocrx_word' id='word_1_257' title='bbox 517 1525 570 1559; x_wconf 81' lang='lat' dir='ltr'>M.</span> <span class='ocrx_word' id='word_1_258' title='bbox 593 1524 640 1558; x_wconf 91' lang='grc' dir='ltr'>Ν.</span> <span class='ocrx_word' id='word_1_259' title='bbox 665 1524 711 1558; x_wconf 94' lang='grc' dir='ltr'>Τ.</span> <span class='ocrx_word' id='word_1_260' title='bbox 735 1528 767 1559; x_wconf 91' lang='lat'>6.</span> <span class='ocrx_word' id='word_1_261' title='bbox 788 1535 823 1571; x_wconf 90' lang='lat' dir='ltr'>p.</span> <span class='ocrx_word' id='word_1_262' title='bbox 845 1524 1105 1568; x_wconf 85' lang='lat' dir='ltr'>506.1nd.Sb.</span> <span class='ocrx_word' id='word_1_263' title='bbox 1124 1533 1164 1561; x_wconf 87' lang='lat' dir='ltr'>et</span> <span class='ocrx_word' id='word_1_264' title='bbox 1183 1524 1229 1573; x_wconf 86' lang='lat' dir='ltr'>ej.</span> <span class='ocrx_word' id='word_1_265' title='bbox 1247 1528 1366 1564; x_wconf 84' lang='lat' dir='ltr'>Dion.</span> <span class='ocrx_word' id='word_1_266' title='bbox 1386 1531 1433 1566; x_wconf 83' lang='grc' dir='ltr'>Η.</span> <span class='ocrx_word' id='word_1_267' title='bbox 1456 1531 1502 1566; x_wconf 90' lang='grc' dir='ltr'>Τ.</span> <span class='ocrx_word' id='word_1_268' title='bbox 1524 1543 1556 1568; x_wconf 84' lang='lat'>1.</span> 
     </span>
     <span class='ocr_line' id='line_1_23' title="bbox 33 1567 1556 1621; baseline 0.005 -14"><span class='ocrx_word' id='word_1_269' title='bbox 33 1571 145 1607; x_wconf 81' lang='lat' dir='ltr'>Bam.</span> <span class='ocrx_word' id='word_1_270' title='bbox 166 1571 250 1609; x_wconf 85' lang='lat' dir='ltr'>Eur.</span> <span class='ocrx_word' id='word_1_271' title='bbox 282 1574 328 1608; x_wconf 77' lang='lat' dir='ltr'>Is.</span> <span class='ocrx_word' id='word_1_272' title='bbox 350 1571 436 1607; x_wconf 86' lang='lat' dir='ltr'>Pan.</span> <span class='ocrx_word' id='word_1_273' title='bbox 461 1573 513 1607; x_wconf 87' lang='lat' dir='ltr'>M.</span> <span class='ocrx_word' id='word_1_274' title='bbox 534 1567 592 1607; x_wconf 79' lang='lat' dir='ltr'>Rs.</span> <span class='ocrx_word' id='word_1_275' title='bbox 616 1572 682 1608; x_wconf 87' lang='lat' dir='ltr'>Or.</span> <span class='ocrx_word' id='word_1_276' title='bbox 706 1572 751 1607; x_wconf 93' lang='lat' dir='ltr'>V.</span> <span class='ocrx_word' id='word_1_277' title='bbox 772 1585 804 1617; x_wconf 85' lang='lat'>4.</span> <span class='ocrx_word' id='word_1_278' title='bbox 830 1576 863 1608; x_wconf 90' lang='lat'>6.</span> <span class='ocrx_word' id='word_1_279' title='bbox 894 1584 979 1608; x_wconf 89' lang='lat' dir='ltr'>cum</span> <span class='ocrx_word' id='word_1_280' title='bbox 999 1575 1042 1609; x_wconf 89' lang='lat' dir='ltr'>V.</span> <span class='ocrx_word' id='word_1_281' title='bbox 1066 1585 1096 1615; x_wconf 84' lang='lat'>5.</span> <span class='ocrx_word' id='word_1_282' title='bbox 1129 1586 1164 1620; x_wconf 89' lang='lat' dir='ltr'>p.</span> <span class='ocrx_word' id='word_1_283' title='bbox 1184 1587 1268 1620; x_wconf 83' lang='lat'>205.</span> <span class='ocrx_word' id='word_1_284' title='bbox 1289 1577 1337 1613; x_wconf 92' lang='lat' dir='ltr'>N.</span> <span class='ocrx_word' id='word_1_285' title='bbox 1359 1589 1414 1621; x_wconf 81' lang='lat'>29.</span> <span class='ocrx_word' id='word_1_286' title='bbox 1447 1578 1487 1615; x_wconf 87' lang='lat' dir='ltr'>it.</span> <span class='ocrx_word' id='word_1_287' title='bbox 1510 1579 1556 1615; x_wconf 81' lang='lat' dir='ltr'>ad</span> 
     </span>
     <span class='ocr_line' id='line_1_24' title="bbox 35 1619 1557 1669; baseline 0.004 -11"><span class='ocrx_word' id='word_1_288' title='bbox 35 1619 142 1658; x_wconf 84' lang='lat' dir='ltr'>Polb.</span> <span class='ocrx_word' id='word_1_289' title='bbox 156 1621 238 1656; x_wconf 86' lang='lat' dir='ltr'>Ael.</span> <span class='ocrx_word' id='word_1_290' title='bbox 251 1619 299 1655; x_wconf 91' lang='lat' dir='ltr'>V.</span> <span class='ocrx_word' id='word_1_291' title='bbox 310 1619 347 1655; x_wconf 91' lang='lat' dir='ltr'>h.</span> <span class='ocrx_word' id='word_1_292' title='bbox 368 1621 457 1656; x_wconf 79' lang='lat' dir='ltr'>Luc.</span> <span class='ocrx_word' id='word_1_293' title='bbox 482 1620 599 1659; x_wconf 89' lang='lat' dir='ltr'>Dion.</span> <span class='ocrx_word' id='word_1_294' title='bbox 614 1622 655 1657; x_wconf 91' lang='lat' dir='ltr'>C.</span> <span class='ocrx_word' id='word_1_295' title='bbox 674 1622 765 1657; x_wconf 83' lang='lat' dir='ltr'>Xen</span> <span class='ocrx_word' id='word_1_296' title='bbox 783 1623 871 1669; x_wconf 88' lang='lat' dir='ltr'>Cyr.</span> <span class='ocrx_word' id='word_1_297' title='bbox 891 1621 970 1657; x_wconf 88' lang='lat' dir='ltr'>Pol.</span> <span class='ocrx_word' id='word_1_298' title='bbox 990 1635 1027 1658; x_wconf 86' lang='lat' dir='ltr'>et</span> <span class='ocrx_word' id='word_1_299' title='bbox 1046 1623 1152 1661; x_wconf 85' lang='lat' dir='ltr'>Bach.</span> <span class='ocrx_word' id='word_1_300' title='bbox 1172 1624 1231 1660; x_wconf 85' lang='lat' dir='ltr'>sed</span> <span class='ocrx_word' id='word_1_301' title='bbox 1254 1624 1328 1663; x_wconf 82' lang='lat' dir='ltr'>sine</span> <span class='ocrx_word' id='word_1_302' title='bbox 1349 1628 1430 1663; x_wconf 82' lang='lat' dir='ltr'>lnd.</span> <span class='ocrx_word' id='word_1_303' title='bbox 1447 1629 1557 1664; x_wconf 88' lang='lat' dir='ltr'>Dem.</span> 
     </span>
     <span class='ocr_line' id='line_1_25' title="bbox 33 1666 1557 1718; baseline 0.007 -15"><span class='ocrx_word' id='word_1_304' title='bbox 33 1673 122 1711; x_wconf 76' lang='lat'>628,</span> <span class='ocrx_word' id='word_1_305' title='bbox 142 1681 201 1704; x_wconf 83' lang='lat'>21.</span> <span class='ocrx_word' id='word_1_306' title='bbox 222 1681 281 1717; x_wconf 88' lang='lat' dir='ltr'>ap.</span> <span class='ocrx_word' id='word_1_307' title='bbox 303 1669 371 1706; x_wconf 82' lang='lat' dir='ltr'>Ios.</span> <span class='ocrx_word' id='word_1_308' title='bbox 396 1682 431 1709; x_wconf 63' lang='grc' dir='ltr'>ε’,</span> <span class='ocrx_word' id='word_1_309' title='bbox 456 1682 512 1714; x_wconf 80' lang='lat'>55.</span> <span class='ocrx_word' id='word_1_310' title='bbox 536 1669 558 1705; x_wconf 89' lang='lat' dir='ltr'>s.</span> <span class='ocrx_word' id='word_1_311' title='bbox 578 1679 608 1715; x_wconf 84' lang='lat'>3.</span> <span class='ocrx_word' id='word_1_312' title='bbox 629 1683 661 1706; x_wconf 88' lang='lat' dir='ltr'>e.</span> <span class='ocrx_word' id='word_1_313' title='bbox 682 1666 929 1716; x_wconf 65' lang='grc' dir='ltr'><strong><em>τιμωςῆσων-</em></strong></span> <span class='ocrx_word' id='word_1_314' title='bbox 945 1675 1016 1713; x_wconf 76' lang='grc' dir='ltr'>τοῖς</span> <span class='ocrx_word' id='word_1_315' title='bbox 1034 1675 1212 1718; x_wconf 70' lang='grc' dir='ltr'>ἀδελφοῖς,</span> <span class='ocrx_word' id='word_1_316' title='bbox 1237 1675 1310 1709; x_wconf 80' lang='lat' dir='ltr'>alio</span> <span class='ocrx_word' id='word_1_317' title='bbox 1332 1685 1454 1713; x_wconf 82' lang='lat' dir='ltr'>tamen</span> <span class='ocrx_word' id='word_1_318' title='bbox 1475 1678 1557 1713; x_wconf 87' lang='lat' dir='ltr'>sen-</span> 
     </span>
     <span class='ocr_line' id='line_1_26' title="bbox 25 1718 1553 1772; baseline 0.003 -15"><span class='ocrx_word' id='word_1_319' title='bbox 25 1718 98 1761; x_wconf 14' lang='lat' dir='ltr'>isu,</span> <span class='ocrx_word' id='word_1_320' title='bbox 123 1718 320 1766; x_wconf 83' lang='lat' dir='ltr'>fratribus</span> <span class='ocrx_word' id='word_1_321' title='bbox 349 1718 528 1755; x_wconf 74' lang='lat' dir='ltr'>auxilium</span> <span class='ocrx_word' id='word_1_322' title='bbox 553 1721 717 1761; x_wconf 78' lang='lat' dir='ltr'>laturus,</span> <span class='ocrx_word' id='word_1_323' title='bbox 754 1720 869 1756; x_wconf 79' lang='lat' dir='ltr'>Diod.</span> <span class='ocrx_word' id='word_1_324' title='bbox 889 1723 921 1756; x_wconf 82' lang='lat' dir='ltr'>S.</span> <span class='ocrx_word' id='word_1_325' title='bbox 958 1732 990 1762; x_wconf 85' lang='lat'>1,</span> <span class='ocrx_word' id='word_1_326' title='bbox 1012 1730 1095 1767; x_wconf 84' lang='lat'>321.</span> <span class='ocrx_word' id='word_1_327' title='bbox 1124 1723 1149 1757; x_wconf 86' lang='lat'>1.</span> <span class='ocrx_word' id='word_1_328' title='bbox 1173 1735 1227 1769; x_wconf 84' lang='lat'>54.</span> <span class='ocrx_word' id='word_1_329' title='bbox 1255 1722 1454 1770; x_wconf 65' lang='grc' dir='ltr'><em>βουλόμενος</em></span> <span class='ocrx_word' id='word_1_330' title='bbox 1481 1742 1553 1772; x_wconf 79' lang='grc' dir='ltr'>τιμ.</span> 
     </span>
     <span class='ocr_line' id='line_1_27' title="bbox 32 1769 1555 1823; baseline 0.004 -17"><span class='ocrx_word' id='word_1_331' title='bbox 32 1775 95 1807; x_wconf 72' lang='grc' dir='ltr'>τὸν</span> <span class='ocrx_word' id='word_1_332' title='bbox 112 1780 145 1806; x_wconf 74' lang='grc' dir='ltr'>λ.</span> <span class='ocrx_word' id='word_1_333' title='bbox 172 1781 211 1805; x_wconf 89' lang='lat' dir='ltr'>et</span> <span class='ocrx_word' id='word_1_334' title='bbox 230 1769 318 1807; x_wconf 83' lang='lat' dir='ltr'>zos.</span> <span class='ocrx_word' id='word_1_335' title='bbox 338 1780 371 1812; x_wconf 86' lang='grc'>4,</span> <span class='ocrx_word' id='word_1_336' title='bbox 393 1770 454 1808; x_wconf 81' lang='lat'>26,</span> <span class='ocrx_word' id='word_1_337' title='bbox 477 1782 507 1814; x_wconf 87' lang='grc' dir='ltr'>ς.</span> <span class='ocrx_word' id='word_1_338' title='bbox 528 1786 595 1814; x_wconf 76' lang='grc' dir='ltr'>τιμ.</span> <span class='ocrx_word' id='word_1_339' title='bbox 619 1772 690 1810; x_wconf 74' lang='grc' dir='ltr'>τοῖς</span> <span class='ocrx_word' id='word_1_340' title='bbox 708 1789 745 1796; x_wconf 89' lang='grc'><strong>-</strong></span> <span class='ocrx_word' id='word_1_341' title='bbox 767 1771 1002 1814; x_wconf 73' lang='grc' dir='ltr'>δικυοούμενοι,</span> <span class='ocrx_word' id='word_1_342' title='bbox 1028 1771 1189 1818; x_wconf 74' lang='lat' dir='ltr'>cogitare</span> <span class='ocrx_word' id='word_1_343' title='bbox 1217 1773 1264 1813; x_wconf 86' lang='lat' dir='ltr'>se,</span> <span class='ocrx_word' id='word_1_344' title='bbox 1283 1793 1323 1801; x_wconf 74' lang='lat'>—-</span> <span class='ocrx_word' id='word_1_345' title='bbox 1344 1776 1463 1823; x_wconf 58' lang='lat' dir='ltr'>ulcijhi</span> <span class='ocrx_word' id='word_1_346' title='bbox 1474 1800 1484 1817; x_wconf 92' lang='lat'><strong>,</strong></span> <span class='ocrx_word' id='word_1_347' title='bbox 1511 1777 1555 1812; x_wconf 87' lang='lat' dir='ltr'>it.</span> 
     </span>
     <span class='ocr_line' id='line_1_28' title="bbox 35 1816 1552 1872; baseline 0.005 -19"><span class='ocrx_word' id='word_1_348' title='bbox 35 1832 74 1862; x_wconf 79' lang='lat'>4,</span> <span class='ocrx_word' id='word_1_349' title='bbox 87 1832 146 1864; x_wconf 83' lang='lat'>44,</span> <span class='ocrx_word' id='word_1_350' title='bbox 160 1828 193 1860; x_wconf 77' lang='lat'>8.</span> <span class='ocrx_word' id='word_1_351' title='bbox 244 1821 285 1855; x_wconf 89' lang='lat' dir='ltr'>ln</span> <span class='ocrx_word' id='word_1_352' title='bbox 308 1816 415 1855; x_wconf 84' lang='lat' dir='ltr'>tertia</span> <span class='ocrx_word' id='word_1_353' title='bbox 430 1830 470 1857; x_wconf 81' lang='lat' dir='ltr'>re</span> <span class='ocrx_word' id='word_1_354' title='bbox 489 1819 573 1860; x_wconf 64' lang='lat' dir='ltr'>Ms„</span> <span class='ocrx_word' id='word_1_355' title='bbox 601 1829 769 1866; x_wconf 87' lang='lat' dir='ltr'>tempore</span> <span class='ocrx_word' id='word_1_356' title='bbox 787 1819 920 1855; x_wconf 83' lang='lat' dir='ltr'>iterum</span> <span class='ocrx_word' id='word_1_357' title='bbox 941 1818 1007 1866; x_wconf 85' lang='lat' dir='ltr'>(cf.</span> <span class='ocrx_word' id='word_1_358' title='bbox 1020 1833 1056 1866; x_wconf 84' lang='lat'>4,</span> <span class='ocrx_word' id='word_1_359' title='bbox 1071 1833 1128 1861; x_wconf 84' lang='lat'>12,</span> <span class='ocrx_word' id='word_1_360' title='bbox 1146 1825 1217 1866; x_wconf 81' lang='lat'>14.)</span> <span class='ocrx_word' id='word_1_361' title='bbox 1233 1822 1337 1869; x_wconf 85' lang='lat' dir='ltr'>impf.</span> <span class='ocrx_word' id='word_1_362' title='bbox 1351 1837 1417 1870; x_wconf 91' lang='lat' dir='ltr'>pro</span> <span class='ocrx_word' id='word_1_363' title='bbox 1439 1824 1552 1872; x_wconf 87' lang='lat' dir='ltr'>praes.</span> 
     </span>
     <span class='ocr_line' id='line_1_29' title="bbox 33 1867 1555 1917; baseline 0.004 -12"><span class='ocrx_word' id='word_1_364' title='bbox 33 1867 203 1914; x_wconf 57' lang='lat' dir='ltr'>ein-acm„</span> <span class='ocrx_word' id='word_1_365' title='bbox 229 1867 456 1904; x_wconf 85' lang='lat' dir='ltr'>contrarium</span> <span class='ocrx_word' id='word_1_366' title='bbox 477 1867 548 1911; x_wconf 88' lang='lat' dir='ltr'>est,</span> <span class='ocrx_word' id='word_1_367' title='bbox 574 1880 685 1917; x_wconf 86' lang='lat' dir='ltr'>quam</span> <span class='ocrx_word' id='word_1_368' title='bbox 706 1881 742 1913; x_wconf 83' lang='lat'>4,</span> <span class='ocrx_word' id='word_1_369' title='bbox 766 1879 823 1909; x_wconf 84' lang='lat'>11,</span> <span class='ocrx_word' id='word_1_370' title='bbox 846 1880 874 1905; x_wconf 86' lang='lat'>1.</span> <span class='ocrx_word' id='word_1_371' title='bbox 895 1880 928 1904; x_wconf 88' lang='lat' dir='ltr'>c.</span> <span class='ocrx_word' id='word_1_372' title='bbox 944 1892 954 1910; x_wconf 93' lang='lat'><strong>‚</strong></span> <span class='ocrx_word' id='word_1_373' title='bbox 979 1867 1066 1905; x_wconf 90' lang='lat' dir='ltr'>dum</span> <span class='ocrx_word' id='word_1_374' title='bbox 1086 1868 1203 1907; x_wconf 86' lang='lat' dir='ltr'>servat</span> <span class='ocrx_word' id='word_1_375' title='bbox 1222 1873 1258 1907; x_wconf 78' lang='lat' dir='ltr'>P.</span> <span class='ocrx_word' id='word_1_376' title='bbox 1281 1885 1363 1908; x_wconf 88' lang='lat' dir='ltr'>cum</span> <span class='ocrx_word' id='word_1_377' title='bbox 1386 1875 1450 1909; x_wconf 82' lang='lat' dir='ltr'>rel.</span> <span class='ocrx_word' id='word_1_378' title='bbox 1465 1874 1555 1911; x_wconf 76' lang='lat' dir='ltr'>Mss.</span> 
     </span>
     <span class='ocr_line' id='line_1_30' title="bbox 32 1916 1555 1970; baseline 0.003 -15"><span class='ocrx_word' id='word_1_379' title='bbox 32 1919 139 1968; x_wconf 75' lang='lat' dir='ltr'>vulg.</span> <span class='ocrx_word' id='word_1_380' title='bbox 160 1928 198 1955; x_wconf 88' lang='lat' dir='ltr'>et</span> <span class='ocrx_word' id='word_1_381' title='bbox 218 1916 315 1954; x_wconf 84' lang='lat' dir='ltr'>varia</span> <span class='ocrx_word' id='word_1_382' title='bbox 338 1928 509 1965; x_wconf 83' lang='lat' dir='ltr'>tempora</span> <span class='ocrx_word' id='word_1_383' title='bbox 531 1918 592 1953; x_wconf 88' lang='lat' dir='ltr'>hic</span> <span class='ocrx_word' id='word_1_384' title='bbox 610 1929 760 1965; x_wconf 86' lang='lat' dir='ltr'>quoque</span> <span class='ocrx_word' id='word_1_385' title='bbox 779 1916 1001 1960; x_wconf 87' lang='lat' dir='ltr'>miscentur,</span> <span class='ocrx_word' id='word_1_386' title='bbox 1029 1929 1067 1955; x_wconf 86' lang='lat' dir='ltr'>et</span> <span class='ocrx_word' id='word_1_387' title='bbox 1091 1932 1135 1955; x_wconf 84' lang='lat' dir='ltr'>ex</span> <span class='ocrx_word' id='word_1_388' title='bbox 1156 1919 1224 1955; x_wconf 88' lang='lat' dir='ltr'>illo</span> <span class='ocrx_word' id='word_1_389' title='bbox 1244 1920 1328 1956; x_wconf 89' lang='lat' dir='ltr'>loco</span> <span class='ocrx_word' id='word_1_390' title='bbox 1358 1922 1468 1970; x_wconf 73' lang='lat' dir='ltr'>gloss‘a</span> <span class='ocrx_word' id='word_1_391' title='bbox 1486 1923 1555 1959; x_wconf 82' lang='lat' dir='ltr'>ha-</span> 
     </span>
     <span class='ocr_line' id='line_1_31' title="bbox 35 1967 1555 2019; baseline 0.003 -14"><span class='ocrx_word' id='word_1_392' title='bbox 35 1968 116 2006; x_wconf 88' lang='lat' dir='ltr'>beri</span> <span class='ocrx_word' id='word_1_393' title='bbox 148 1969 268 2015; x_wconf 85' lang='lat' dir='ltr'>potest</span> <span class='ocrx_word' id='word_1_394' title='bbox 298 1979 363 2015; x_wconf 90' lang='lat' dir='ltr'>per</span> <span class='ocrx_word' id='word_1_395' title='bbox 389 1967 723 2015; x_wconf 79' lang='lat' dir='ltr'>comparationem.</span> <span class='ocrx_word' id='word_1_396' title='bbox 785 1968 827 2003; x_wconf 86' lang='lat' dir='ltr'>In</span> <span class='ocrx_word' id='word_1_397' title='bbox 853 1972 937 2011; x_wconf 71' lang='grc' dir='ltr'>ἇσμ.</span> <span class='ocrx_word' id='word_1_398' title='bbox 958 1980 1040 2004; x_wconf 87' lang='lat' dir='ltr'>cum</span> <span class='ocrx_word' id='word_1_399' title='bbox 1062 1979 1095 2006; x_wconf 88' lang='lat' dir='ltr'>v.</span> <span class='ocrx_word' id='word_1_400' title='bbox 1114 1984 1150 2006; x_wconf 77' lang='grc' dir='ltr'>π.</span> <span class='ocrx_word' id='word_1_401' title='bbox 1176 1970 1307 2006; x_wconf 86' lang='lat' dir='ltr'>Noster</span> <span class='ocrx_word' id='word_1_402' title='bbox 1328 1972 1370 2007; x_wconf 84' lang='lat' dir='ltr'>ad</span> <span class='ocrx_word' id='word_1_403' title='bbox 1392 1973 1555 2019; x_wconf 80' lang='lat' dir='ltr'>analog.,</span> 
     </span>
     <span class='ocr_line' id='line_1_32' title="bbox 34 2016 1554 2076; baseline 0.001 -20"><span class='ocrx_word' id='word_1_404' title='bbox 34 2017 100 2056; x_wconf 76' lang='lat' dir='ltr'>sed</span> <span class='ocrx_word' id='word_1_405' title='bbox 123 2020 189 2067; x_wconf 73' lang='lat' dir='ltr'>ng.</span> <span class='ocrx_word' id='word_1_406' title='bbox 210 2017 340 2058; x_wconf 85' lang='lat' dir='ltr'>aliter,</span> <span class='ocrx_word' id='word_1_407' title='bbox 367 2029 476 2065; x_wconf 83' lang='lat' dir='ltr'>quam</span> <span class='ocrx_word' id='word_1_408' title='bbox 502 2026 536 2063; x_wconf 73' lang='lat'>3,</span> <span class='ocrx_word' id='word_1_409' title='bbox 563 2029 620 2063; x_wconf 88' lang='lat'>14,</span> <span class='ocrx_word' id='word_1_410' title='bbox 645 2026 675 2062; x_wconf 86' lang='lat'>3.</span> <span class='ocrx_word' id='word_1_411' title='bbox 700 2017 821 2063; x_wconf 81' lang='lat' dir='ltr'>(quod</span> <span class='ocrx_word' id='word_1_412' title='bbox 842 2017 922 2052; x_wconf 84' lang='lat' dir='ltr'>adv.</span> <span class='ocrx_word' id='word_1_413' title='bbox 946 2016 1031 2053; x_wconf 84' lang='lat' dir='ltr'>sane</span> <span class='ocrx_word' id='word_1_414' title='bbox 1050 2029 1105 2065; x_wconf 82' lang='lat' dir='ltr'>ap.</span> <span class='ocrx_word' id='word_1_415' title='bbox 1124 2019 1172 2054; x_wconf 90' lang='lat' dir='ltr'>G.</span> <span class='ocrx_word' id='word_1_416' title='bbox 1197 2019 1270 2056; x_wconf 84' lang='lat' dir='ltr'>Th.</span> <span class='ocrx_word' id='word_1_417' title='bbox 1297 2033 1383 2075; x_wconf 72' lang='lat' dir='ltr'>cum</span> <span class='ocrx_word' id='word_1_418' title='bbox 1413 2022 1554 2076; x_wconf 51' lang='lat' dir='ltr'>vuffa-q</span> 
     </span>
     <span class='ocr_line' id='line_1_33' title="bbox 23 2066 1552 2117; baseline 0.002 -13"><span class='ocrx_word' id='word_1_419' title='bbox 23 2076 118 2104; x_wconf 44' lang='lat' dir='ltr'>‘non</span> <span class='ocrx_word' id='word_1_420' title='bbox 139 2068 232 2104; x_wconf 86' lang='lat' dir='ltr'>item</span> <span class='ocrx_word' id='word_1_421' title='bbox 248 2067 430 2112; x_wconf 72' lang='lat' dir='ltr'>libenter.)</span> <span class='ocrx_word' id='word_1_422' title='bbox 457 2066 603 2104; x_wconf 84' lang='lat' dir='ltr'>deserto</span> <span class='ocrx_word' id='word_1_423' title='bbox 623 2067 683 2108; x_wconf 62' lang='lat' dir='ltr'>P„</span> <span class='ocrx_word' id='word_1_424' title='bbox 712 2067 823 2102; x_wconf 88' lang='lat' dir='ltr'>etiam</span> <span class='ocrx_word' id='word_1_425' title='bbox 847 2066 890 2102; x_wconf 86' lang='lat' dir='ltr'>ad</span> <span class='ocrx_word' id='word_1_426' title='bbox 912 2066 964 2114; x_wconf 89' lang='lat' dir='ltr'>sq.</span> <span class='ocrx_word' id='word_1_427' title='bbox 986 2066 1078 2112; x_wconf 60' lang='lat' dir='ltr'>e‘vgm,</span> <span class='ocrx_word' id='word_1_428' title='bbox 1107 2067 1208 2114; x_wconf 85' lang='lat' dir='ltr'>quod</span> <span class='ocrx_word' id='word_1_429' title='bbox 1230 2080 1325 2114; x_wconf 77' lang='lat' dir='ltr'>regit</span> <span class='ocrx_word' id='word_1_430' title='bbox 1344 2070 1387 2105; x_wconf 86' lang='lat' dir='ltr'>ad</span> <span class='ocrx_word' id='word_1_431' title='bbox 1409 2083 1460 2117; x_wconf 86' lang='lat' dir='ltr'>pr.</span> <span class='ocrx_word' id='word_1_432' title='bbox 1483 2069 1552 2107; x_wconf 80' lang='lat' dir='ltr'>mf.</span> 
     </span>
     <span class='ocr_line' id='line_1_34' title="bbox 31 2114 1554 2167; baseline 0.003 -14"><span class='ocrx_word' id='word_1_433' title='bbox 31 2129 130 2158; x_wconf 53' lang='lat' dir='ltr'>ron,</span> <span class='ocrx_word' id='word_1_434' title='bbox 156 2116 328 2165; x_wconf 85' lang='lat' dir='ltr'>pendens</span> <span class='ocrx_word' id='word_1_435' title='bbox 350 2115 391 2153; x_wconf 88' lang='lat' dir='ltr'>in</span> <span class='ocrx_word' id='word_1_436' title='bbox 404 2118 468 2154; x_wconf 86' lang='lat' dir='ltr'>Gr.</span> <span class='ocrx_word' id='word_1_437' title='bbox 489 2129 507 2152; x_wconf 91' lang='lat' dir='ltr'>a</span> <span class='ocrx_word' id='word_1_438' title='bbox 526 2129 558 2153; x_wconf 87' lang='lat' dir='ltr'>v.</span> <span class='ocrx_word' id='word_1_439' title='bbox 577 2115 660 2159; x_wconf 55' lang='grc' dir='ltr'>ὕφη,</span> <span class='ocrx_word' id='word_1_440' title='bbox 688 2115 736 2151; x_wconf 91' lang='lat' dir='ltr'>cf.</span> <span class='ocrx_word' id='word_1_441' title='bbox 755 2114 875 2152; x_wconf 82' lang='lat' dir='ltr'>Leisn.</span> <span class='ocrx_word' id='word_1_442' title='bbox 895 2115 939 2151; x_wconf 82' lang='lat' dir='ltr'>ad</span> <span class='ocrx_word' id='word_1_443' title='bbox 959 2129 997 2161; x_wconf 88' lang='lat'>4,</span> <span class='ocrx_word' id='word_1_444' title='bbox 1019 2129 1051 2160; x_wconf 89' lang='lat'>7,</span> <span class='ocrx_word' id='word_1_445' title='bbox 1065 2125 1095 2163; x_wconf 83' lang='lat'>3.</span> <span class='ocrx_word' id='word_1_446' title='bbox 1115 2130 1147 2152; x_wconf 89' lang='lat' dir='ltr'>e.</span> <span class='ocrx_word' id='word_1_447' title='bbox 1168 2121 1294 2163; x_wconf 75' lang='grc' dir='ltr'>ἐπιλεξ.</span> <span class='ocrx_word' id='word_1_448' title='bbox 1313 2130 1350 2154; x_wconf 87' lang='lat' dir='ltr'>et</span> <span class='ocrx_word' id='word_1_449' title='bbox 1369 2121 1476 2155; x_wconf 82' lang='lat' dir='ltr'>Arist.</span> <span class='ocrx_word' id='word_1_450' title='bbox 1493 2131 1554 2167; x_wconf 76' lang='lat' dir='ltr'>ep·</span> 
     </span>
     <span class='ocr_line' id='line_1_35' title="bbox 38 2162 1555 2225; baseline 0.005 -27"><span class='ocrx_word' id='word_1_451' title='bbox 38 2178 73 2208; x_wconf 81' lang='lat'>1,</span> <span class='ocrx_word' id='word_1_452' title='bbox 96 2180 129 2204; x_wconf 85' lang='lat'>2.</span> <span class='ocrx_word' id='word_1_453' title='bbox 150 2179 181 2203; x_wconf 74' lang='lat' dir='ltr'>e.</span> <span class='ocrx_word' id='word_1_454' title='bbox 205 2180 239 2213; x_wconf 87' lang='lat' dir='ltr'>p.</span> <span class='ocrx_word' id='word_1_455' title='bbox 261 2171 296 2202; x_wconf 88' lang='lat'>6.</span> <span class='ocrx_word' id='word_1_456' title='bbox 315 2167 403 2204; x_wconf 83' lang='lat' dir='ltr'>Abr.</span> <span class='ocrx_word' id='word_1_457' title='bbox 425 2173 536 2212; x_wconf 65' lang='grc' dir='ltr'><strong><em>καιρὸν</em></strong></span> <span class='ocrx_word' id='word_1_458' title='bbox 555 2162 703 2211; x_wconf 64' lang='grc' dir='ltr'>εἴκαιξον</span> <span class='ocrx_word' id='word_1_459' title='bbox 721 2164 892 2212; x_wconf 71' lang='grc' dir='ltr'>ἐυςοῦσεει,</span> <span class='ocrx_word' id='word_1_460' title='bbox 923 2164 983 2202; x_wconf 87' lang='lat' dir='ltr'>sed</span> <span class='ocrx_word' id='word_1_461' title='bbox 1005 2165 1088 2201; x_wconf 86' lang='lat' dir='ltr'>Pav.</span> <span class='ocrx_word' id='word_1_462' title='bbox 1114 2178 1148 2213; x_wconf 86' lang='lat' dir='ltr'>p.</span> <span class='ocrx_word' id='word_1_463' title='bbox 1167 2178 1217 2208; x_wconf 83' lang='grc' dir='ltr'>ις.</span> <span class='ocrx_word' id='word_1_464' title='bbox 1237 2169 1440 2214; x_wconf 78' lang='lat' dir='ltr'>occasionem</span> <span class='ocrx_word' id='word_1_465' title='bbox 1452 2181 1555 2225; x_wconf 65' lang='lat' dir='ltr'>eom-</span> 
     </span>
     <span class='ocr_line' id='line_1_36' title="bbox 34 2213 1554 2267; baseline 0.001 -14"><span class='ocrx_word' id='word_1_466' title='bbox 34 2215 188 2254; x_wconf 84' lang='lat' dir='ltr'>modam</span> <span class='ocrx_word' id='word_1_467' title='bbox 206 2217 356 2259; x_wconf 62' lang='lat' dir='ltr'>nabbe,</span> <span class='ocrx_word' id='word_1_468' title='bbox 384 2228 470 2255; x_wconf 88' lang='lat' dir='ltr'>cum</span> <span class='ocrx_word' id='word_1_469' title='bbox 488 2216 577 2255; x_wconf 83' lang='lat' dir='ltr'>Zos.</span> <span class='ocrx_word' id='word_1_470' title='bbox 599 2229 635 2258; x_wconf 86' lang='lat'>2,</span> <span class='ocrx_word' id='word_1_471' title='bbox 659 2227 714 2257; x_wconf 84' lang='lat'>12,</span> <span class='ocrx_word' id='word_1_472' title='bbox 733 2226 765 2260; x_wconf 91' lang='lat'>7.</span> <span class='ocrx_word' id='word_1_473' title='bbox 786 2221 900 2262; x_wconf 70' lang='grc' dir='ltr'>κκιςὲν</span> <span class='ocrx_word' id='word_1_474' title='bbox 917 2213 1065 2263; x_wconf 52' lang='lat' dir='ltr'>{ufir-ree,-</span> <span class='ocrx_word' id='word_1_475' title='bbox 1089 2219 1217 2259; x_wconf 74' lang='grc' dir='ltr'>ἐπιτηδ.</span> <span class='ocrx_word' id='word_1_476' title='bbox 1235 2218 1341 2267; x_wconf 75' lang='lat' dir='ltr'>occas</span> <span class='ocrx_word' id='word_1_477' title='bbox 1366 2218 1461 2255; x_wconf 63' lang='lat' dir='ltr'>naffi</span> <span class='ocrx_word' id='word_1_478' title='bbox 1481 2219 1554 2254; x_wconf 82' lang='lat' dir='ltr'>ido·</span> 
     </span>
     <span class='ocr_line' id='line_1_37' title="bbox 33 2275 150 2304; baseline -0.009 -1"><span class='ocrx_word' id='word_1_479' title='bbox 33 2275 150 2304; x_wconf 65' lang='lat' dir='ltr'>neam.</span> 
     </span>
    </p>
   </div>
   <div class='ocr_carea' id='block_1_5' title="bbox 26 2326 1554 2775">
    <p class='ocr_par' dir='ltr' id='par_1_6' title="bbox 26 2326 1554 2775">
     <span class='ocr_line' id='line_1_38' title="bbox 79 2326 1552 2382; baseline -0.001 -10"><span class='ocrx_word' id='word_1_480' title='bbox 79 2331 226 2379; x_wconf 74' lang='grc' dir='ltr'>συνέβη)</span> <span class='ocrx_word' id='word_1_481' title='bbox 253 2333 318 2382; x_wconf 82' lang='lat' dir='ltr'>Bg.</span> <span class='ocrx_word' id='word_1_482' title='bbox 341 2345 361 2368; x_wconf 80' lang='lat' dir='ltr'>e</span> <span class='ocrx_word' id='word_1_483' title='bbox 380 2328 420 2368; x_wconf 86' lang='grc' dir='ltr'>Ρ.</span> <span class='ocrx_word' id='word_1_484' title='bbox 447 2329 561 2368; x_wconf 90' lang='lat' dir='ltr'>modo</span> <span class='ocrx_word' id='word_1_485' title='bbox 581 2328 678 2369; x_wconf 81' lang='lat' dir='ltr'>Latt.</span> <span class='ocrx_word' id='word_1_486' title='bbox 705 2340 834 2372; x_wconf 81' lang='lat' dir='ltr'>tenet,</span> <span class='ocrx_word' id='word_1_487' title='bbox 857 2343 938 2367; x_wconf 87' lang='lat' dir='ltr'>non</span> <span class='ocrx_word' id='word_1_488' title='bbox 960 2326 1129 2378; x_wconf 78' lang='lat' dir='ltr'>oppresso</span> <span class='ocrx_word' id='word_1_489' title='bbox 1148 2345 1181 2366; x_wconf 63' lang='lat' dir='ltr'>r.</span> <span class='ocrx_word' id='word_1_490' title='bbox 1201 2344 1254 2370; x_wconf 83' lang='grc' dir='ltr'>σκ.</span> <span class='ocrx_word' id='word_1_491' title='bbox 1275 2344 1331 2371; x_wconf 48' lang='grc' dir='ltr'>τῆ,</span> <span class='ocrx_word' id='word_1_492' title='bbox 1358 2332 1439 2376; x_wconf 81' lang='lat' dir='ltr'>(ubi</span> <span class='ocrx_word' id='word_1_493' title='bbox 1467 2341 1552 2370; x_wconf 81' lang='lat' dir='ltr'>c&#39;um</span> 
     </span>
     <span class='ocr_line' id='line_1_39' title="bbox 26 2380 1551 2439; baseline -0.001 -19"><span class='ocrx_word' id='word_1_494' title='bbox 26 2382 137 2429; x_wconf 72' lang='lat' dir='ltr'>sch.)</span> <span class='ocrx_word' id='word_1_495' title='bbox 157 2394 228 2418; x_wconf 90' lang='lat' dir='ltr'>nec</span> <span class='ocrx_word' id='word_1_496' title='bbox 247 2393 281 2420; x_wconf 87' lang='lat' dir='ltr'>v.</span> <span class='ocrx_word' id='word_1_497' title='bbox 331 2394 379 2419; x_wconf 68' lang='grc' dir='ltr'>ελ.</span> <span class='ocrx_word' id='word_1_498' title='bbox 398 2380 459 2418; x_wconf 87' lang='lat' dir='ltr'>sed</span> <span class='ocrx_word' id='word_1_499' title='bbox 481 2394 524 2418; x_wconf 85' lang='lat' dir='ltr'>ex</span> <span class='ocrx_word' id='word_1_500' title='bbox 546 2382 681 2418; x_wconf 85' lang='lat' dir='ltr'>eodem</span> <span class='ocrx_word' id='word_1_501' title='bbox 702 2381 739 2416; x_wconf 92' lang='lat' dir='ltr'>in</span> <span class='ocrx_word' id='word_1_502' title='bbox 761 2381 812 2429; x_wconf 81' lang='lat' dir='ltr'>sq.</span> <span class='ocrx_word' id='word_1_503' title='bbox 833 2383 941 2427; x_wconf 67' lang='grc' dir='ltr'>δικτς.</span> <span class='ocrx_word' id='word_1_504' title='bbox 968 2380 1097 2422; x_wconf 83' lang='lat' dir='ltr'>aliter,</span> <span class='ocrx_word' id='word_1_505' title='bbox 1122 2391 1235 2439; x_wconf 45' lang='lat' dir='ltr'>quam}</span> <span class='ocrx_word' id='word_1_506' title='bbox 1250 2395 1284 2424; x_wconf 82' lang='lat'>4,</span> <span class='ocrx_word' id='word_1_507' title='bbox 1308 2394 1363 2423; x_wconf 82' lang='lat'>11,</span> <span class='ocrx_word' id='word_1_508' title='bbox 1386 2394 1439 2433; x_wconf 82' lang='lat'>.¹5·</span> <span class='ocrx_word' id='word_1_509' title='bbox 1460 2381 1551 2419; x_wconf 85' lang='lat' dir='ltr'>dum</span> 
     </span>
     <span class='ocr_line' id='line_1_40' title="bbox 33 2383 1550 2485; baseline -0.001 -15"><span class='ocrx_word' id='word_1_510' title='bbox 33 2442 171 2479; x_wconf 72' lang='lat' dir='ltr'>quarto</span> <span class='ocrx_word' id='word_1_511' title='bbox 191 2431 277 2474; x_wconf 83' lang='lat' dir='ltr'>loco</span> <span class='ocrx_word' id='word_1_512' title='bbox 294 2383 429 2468; x_wconf 51' lang='lat' dir='ltr'>gustet</span> <span class='ocrx_word' id='word_1_513' title='bbox 449 2429 607 2467; x_wconf 88' lang='lat' dir='ltr'>discedit</span> <span class='ocrx_word' id='word_1_514' title='bbox 627 2443 644 2465; x_wconf 82' lang='lat' dir='ltr'>a</span> <span class='ocrx_word' id='word_1_515' title='bbox 667 2430 780 2467; x_wconf 87' lang='lat' dir='ltr'>Dion.</span> <span class='ocrx_word' id='word_1_516' title='bbox 806 2431 846 2466; x_wconf 92' lang='lat' dir='ltr'>C.</span> <span class='ocrx_word' id='word_1_517' title='bbox 869 2443 904 2477; x_wconf 90' lang='lat' dir='ltr'>p.</span> <span class='ocrx_word' id='word_1_518' title='bbox 930 2438 1032 2475; x_wconf 78' lang='lat'>1313.</span> <span class='ocrx_word' id='word_1_519' title='bbox 1057 2442 1090 2464; x_wconf 82' lang='lat' dir='ltr'>e.</span> <span class='ocrx_word' id='word_1_520' title='bbox 1113 2433 1406 2485; x_wconf 38' lang='lat' dir='ltr'>&amp;wiennam-{25</span> <span class='ocrx_word' id='word_1_521' title='bbox 1430 2431 1550 2470; x_wconf 73' lang='grc' dir='ltr'><em>Ἐδέσ-</em></span> 
     </span>
     <span class='ocr_line' id='line_1_41' title="bbox 35 2477 1551 2529; baseline -0.003 -9"><span class='ocrx_word' id='word_1_522' title='bbox 35 2497 99 2526; x_wconf 75' lang='grc' dir='ltr'>σης</span> <span class='ocrx_word' id='word_1_523' title='bbox 125 2487 159 2524; x_wconf 76' lang='grc' dir='ltr'>ἒς</span> <span class='ocrx_word' id='word_1_524' title='bbox 188 2479 349 2528; x_wconf 51' lang='lat' dir='ltr'>langiu,</span> <span class='ocrx_word' id='word_1_525' title='bbox 386 2492 464 2529; x_wconf 90' lang='lat' dir='ltr'>quo</span> <span class='ocrx_word' id='word_1_526' title='bbox 483 2482 539 2519; x_wconf 82' lang='lat' dir='ltr'>,de</span> <span class='ocrx_word' id='word_1_527' title='bbox 560 2479 608 2515; x_wconf 88' lang='lat' dir='ltr'>cf.</span> <span class='ocrx_word' id='word_1_528' title='bbox 628 2479 676 2515; x_wconf 86' lang='lat' dir='ltr'>ib.</span> <span class='ocrx_word' id='word_1_529' title='bbox 707 2480 752 2517; x_wconf 90' lang='lat' dir='ltr'>N.</span> <span class='ocrx_word' id='word_1_530' title='bbox 774 2479 817 2514; x_wconf 86' lang='lat' dir='ltr'>ad</span> <span class='ocrx_word' id='word_1_531' title='bbox 845 2477 877 2526; x_wconf 82' lang='lat'>§.</span> <span class='ocrx_word' id='word_1_532' title='bbox 898 2488 954 2526; x_wconf 84' lang='lat'>31.</span> <span class='ocrx_word' id='word_1_533' title='bbox 1015 2478 1282 2518; x_wconf 74' lang='lat' dir='ltr'>„Herodianus</span> <span class='ocrx_word' id='word_1_534' title='bbox 1310 2493 1433 2516; x_wconf 72' lang='lat' dir='ltr'>minus</span> <span class='ocrx_word' id='word_1_535' title='bbox 1463 2493 1551 2517; x_wconf 83' lang='lat' dir='ltr'>vere</span> 
     </span>
     <span class='ocr_line' id='line_1_42' title="bbox 32 2527 1554 2575; baseline -0.001 -8"><span class='ocrx_word' id='word_1_536' title='bbox 32 2530 280 2570; x_wconf 77' lang='lat' dir='ltr'>Antoninum</span> <span class='ocrx_word' id='word_1_537' title='bbox 299 2527 390 2566; x_wconf 87' lang='lat' dir='ltr'>facit</span> <span class='ocrx_word' id='word_1_538' title='bbox 407 2530 624 2575; x_wconf 71' lang='grc' dir='ltr'>διατρίβοντα</span> <span class='ocrx_word' id='word_1_539' title='bbox 648 2534 679 2566; x_wconf 71' lang='grc' dir='ltr'>ἐν</span> <span class='ocrx_word' id='word_1_540' title='bbox 700 2539 736 2566; x_wconf 77' lang='grc' dir='ltr'>Κ.</span> <span class='ocrx_word' id='word_1_541' title='bbox 759 2539 798 2564; x_wconf 86' lang='lat' dir='ltr'>et</span> <span class='ocrx_word' id='word_1_542' title='bbox 815 2529 903 2565; x_wconf 87' lang='lat' dir='ltr'>inde</span> <span class='ocrx_word' id='word_1_543' title='bbox 921 2528 964 2563; x_wconf 82' lang='lat' dir='ltr'>ad</span> <span class='ocrx_word' id='word_1_544' title='bbox 984 2528 1181 2572; x_wconf 80' lang='lat' dir='ltr'>templum,</span> <span class='ocrx_word' id='word_1_545' title='bbox 1206 2539 1286 2564; x_wconf 86' lang='lat' dir='ltr'>non</span> <span class='ocrx_word' id='word_1_546' title='bbox 1309 2530 1440 2575; x_wconf 84' lang='lat' dir='ltr'>procul</span> <span class='ocrx_word' id='word_1_547' title='bbox 1463 2531 1554 2565; x_wconf 87' lang='lat' dir='ltr'>urbe</span> 
     </span>
     <span class='ocr_line' id='line_1_43' title="bbox 33 2575 1548 2627; baseline -0.005 -8"><span class='ocrx_word' id='word_1_548' title='bbox 33 2581 193 2622; x_wconf 78' lang='lat' dir='ltr'>distans,</span> <span class='ocrx_word' id='word_1_549' title='bbox 217 2579 454 2627; x_wconf 59' lang='lat' dir='ltr'>profestum«</span> <span class='ocrx_word' id='word_1_550' title='bbox 476 2590 641 2625; x_wconf 88' lang='lat' dir='ltr'>quocum</span> <span class='ocrx_word' id='word_1_551' title='bbox 670 2579 798 2614; x_wconf 85' lang='lat' dir='ltr'>Dione</span> <span class='ocrx_word' id='word_1_552' title='bbox 825 2576 968 2614; x_wconf 80' lang='lat' dir='ltr'>faciunt</span> <span class='ocrx_word' id='word_1_553' title='bbox 987 2587 1025 2611; x_wconf 86' lang='lat' dir='ltr'>et</span> <span class='ocrx_word' id='word_1_554' title='bbox 1049 2575 1177 2612; x_wconf 83' lang='lat' dir='ltr'>Euseb.</span> <span class='ocrx_word' id='word_1_555' title='bbox 1198 2587 1237 2612; x_wconf 84' lang='lat' dir='ltr'>et</span> <span class='ocrx_word' id='word_1_556' title='bbox 1256 2579 1343 2614; x_wconf 79' lang='lat' dir='ltr'>Aur.</span> <span class='ocrx_word' id='word_1_557' title='bbox 1366 2578 1460 2614; x_wconf 64' lang='lat' dir='ltr'>Vist.</span> <span class='ocrx_word' id='word_1_558' title='bbox 1483 2579 1548 2623; x_wconf 83' lang='lat' dir='ltr'>Ep.</span> 
     </span>
     <span class='ocr_line' id='line_1_44' title="bbox 34 2621 1551 2680; baseline -0.005 -13"><span class='ocrx_word' id='word_1_559' title='bbox 34 2641 96 2672; x_wconf 60' lang='grc' dir='ltr'>ιι,</span> <span class='ocrx_word' id='word_1_560' title='bbox 117 2642 147 2674; x_wconf 86' lang='grc'>7.</span> <span class='ocrx_word' id='word_1_561' title='bbox 168 2629 210 2666; x_wconf 90' lang='lat' dir='ltr'>it.</span> <span class='ocrx_word' id='word_1_562' title='bbox 237 2631 359 2676; x_wconf 83' lang='lat' dir='ltr'>Spart.</span> <span class='ocrx_word' id='word_1_563' title='bbox 382 2621 421 2664; x_wconf 85' lang='lat' dir='ltr'>in</span> <span class='ocrx_word' id='word_1_564' title='bbox 442 2629 525 2664; x_wconf 90' lang='lat' dir='ltr'>Car.</span> <span class='ocrx_word' id='word_1_565' title='bbox 546 2640 576 2665; x_wconf 92' lang='lat' dir='ltr'>c.</span> <span class='ocrx_word' id='word_1_566' title='bbox 597 2632 629 2664; x_wconf 86' lang='lat'>6.</span> <span class='ocrx_word' id='word_1_567' title='bbox 651 2640 682 2674; x_wconf 88' lang='lat' dir='ltr'>p.</span> <span class='ocrx_word' id='word_1_568' title='bbox 706 2639 788 2671; x_wconf 88' lang='lat'>717.</span> <span class='ocrx_word' id='word_1_569' title='bbox 813 2639 844 2663; x_wconf 87' lang='lat' dir='ltr'>e.</span> <span class='ocrx_word' id='word_1_570' title='bbox 872 2638 985 2674; x_wconf 88' lang='lat' dir='ltr'>quum</span> <span class='ocrx_word' id='word_1_571' title='bbox 1005 2626 1231 2680; x_wconf 47' lang='lat' dir='ltr'>hybernaret·</span> <span class='ocrx_word' id='word_1_572' title='bbox 1246 2626 1392 2663; x_wconf 65' lang='lat' dir='ltr'>Edessae</span> <span class='ocrx_word' id='word_1_573' title='bbox 1406 2652 1416 2667; x_wconf 90' lang='lat'>‚</span> <span class='ocrx_word' id='word_1_574' title='bbox 1442 2636 1551 2680; x_wconf 72' lang='lat' dir='ltr'>atque</span> 
     </span>
     <span class='ocr_line' id='line_1_45' title="bbox 32 2675 1548 2725; baseline -0.005 -7"><span class='ocrx_word' id='word_1_575' title='bbox 32 2678 126 2718; x_wconf 76' lang='lat' dir='ltr'>inde</span> <span class='ocrx_word' id='word_1_576' title='bbox 150 2681 293 2716; x_wconf 70' lang='lat' dir='ltr'>Carras</span> <span class='ocrx_word' id='word_1_577' title='bbox 322 2676 420 2714; x_wconf 87' lang='lat' dir='ltr'>Luni</span> <span class='ocrx_word' id='word_1_578' title='bbox 445 2675 503 2712; x_wconf 82' lang='lat' dir='ltr'>dei</span> <span class='ocrx_word' id='word_1_579' title='bbox 525 2675 638 2725; x_wconf 77' lang='lat' dir='ltr'>gratia</span> <span class='ocrx_word' id='word_1_580' title='bbox 659 2676 828 2723; x_wconf 70' lang='lat' dir='ltr'>venfft,</span> <span class='ocrx_word' id='word_1_581' title='bbox 866 2675 928 2712; x_wconf 88' lang='lat' dir='ltr'>ubi</span> <span class='ocrx_word' id='word_1_582' title='bbox 950 2677 1030 2713; x_wconf 78' lang='lat' dir='ltr'>Cas.</span> <span class='ocrx_word' id='word_1_583' title='bbox 1060 2675 1105 2711; x_wconf 87' lang='lat' dir='ltr'>N.</span> <span class='ocrx_word' id='word_1_584' title='bbox 1127 2681 1160 2716; x_wconf 82' lang='lat'>7.</span> <span class='ocrx_word' id='word_1_585' title='bbox 1193 2675 1282 2710; x_wconf 76' lang='lat' dir='ltr'>hinc</span> <span class='ocrx_word' id='word_1_586' title='bbox 1300 2675 1376 2713; x_wconf 77' lang='lat' dir='ltr'>fine</span> <span class='ocrx_word' id='word_1_587' title='bbox 1395 2677 1458 2714; x_wconf 85' lang='lat' dir='ltr'>Vs.</span> <span class='ocrx_word' id='word_1_588' title='bbox 1485 2675 1548 2714; x_wconf 70' lang='lat' dir='ltr'>led</span> 
     </span>
     <span class='ocr_line' id='line_1_46' title="bbox 31 2724 1270 2775; baseline -0.006 -8"><span class='ocrx_word' id='word_1_589' title='bbox 31 2740 122 2769; x_wconf 78' lang='lat' dir='ltr'>eum</span> <span class='ocrx_word' id='word_1_590' title='bbox 141 2728 275 2767; x_wconf 79' lang='lat' dir='ltr'>vitiato</span> <span class='ocrx_word' id='word_1_591' title='bbox 297 2735 403 2765; x_wconf 86' lang='lat' dir='ltr'>textu</span> <span class='ocrx_word' id='word_1_592' title='bbox 421 2727 513 2770; x_wconf 63' lang='lat' dir='ltr'>Gn,</span> <span class='ocrx_word' id='word_1_593' title='bbox 539 2724 589 2761; x_wconf 82' lang='lat' dir='ltr'>cf.</span> <span class='ocrx_word' id='word_1_594' title='bbox 611 2725 721 2775; x_wconf 77' lang='lat' dir='ltr'>Angl.</span> <span class='ocrx_word' id='word_1_595' title='bbox 746 2737 803 2775; x_wconf 89' lang='lat' dir='ltr'>ap.</span> <span class='ocrx_word' id='word_1_596' title='bbox 823 2726 951 2772; x_wconf 76' lang='lat' dir='ltr'>Heyn.</span> <span class='ocrx_word' id='word_1_597' title='bbox 972 2724 1019 2760; x_wconf 76' lang='lat' dir='ltr'>H.</span> <span class='ocrx_word' id='word_1_598' title='bbox 1040 2736 1076 2770; x_wconf 84' lang='lat'>4,</span> <span class='ocrx_word' id='word_1_599' title='bbox 1100 2726 1203 2771; x_wconf 65' lang='lat'>1064.</span> <span class='ocrx_word' id='word_1_600' title='bbox 1221 2736 1270 2762; x_wconf 80' lang='lat' dir='ltr'>m.</span> 
     </span>
    </p>
   </div>
   <div class='ocr_carea' id='block_1_6' title="bbox 854 2800 949 2844">
    <p class='ocr_par' dir='ltr' id='par_1_7' title="bbox 854 2800 949 2844">
     <span class='ocr_line' id='line_1_47' title="bbox 854 2800 949 2844; baseline -0.011 0"><span class='ocrx_word' id='word_1_601' title='bbox 854 2800 949 2844; x_wconf 79' lang='lat' dir='ltr'>Sss</span> 
     </span>
    </p>
   </div>
  </div>
 </body>
</html>
