1717 3082
64 99 337 173 'LIBERIL
380 117 982 176 CAP.V1.A.V.C.946.
1025 119 1165 167 CHR.
1187 120 1251 165 N.
1279 130 1400 177 193.
1451 125 1547 178 185

23 239 143 303 σθω,
166 233 509 310 πξοσ-εὸὅκησοιν
533 235 569 298 ¹¹,
608 231 696 285 ’τοὶἰ
722 230 773 286 δὲ
812 252 1019 306 cepturos
1034 242 1074 288 se
1088 244 1256 307 opinati
1271 240 1460 297 fuissent,
1476 259 1560 289 uec

25 316 249 387 χςῆματα
270 313 330 380 μὴ
355 312 593 381 ‚cuempiam
609 356 620 375 ,
661 313 774 362 oimi'
816 336 990 365 moram
1003 322 1047 364 in
1059 337 1250 384 pecunia
1264 319 1473 379 futuram,
1487 318 1560 365 sed

25 393 198 444 οἰέιοθεν
218 388 300 450 ἤδη
320 386 723 460 μεταπέμψεσθαι,
737 386 771 437 '‘-
814 395 950 442 domo
983 398 1070 442 iam
1101 393 1250 443 afferri
1282 410 1559 446 curaturum.

118 537 154 575 h)
179 535 316 569 Ms.-Ba.
335 537 528 578 προσεδόκησε
546 543 580 567 λ.
606 543 640 569 v,
656 533 702 567 N.
715 554 725 569 ,
756 540 795 564 ut
820 541 856 565 et
875 533 916 564 de
935 532 1059 575 pune‘to
1081 534 1123 564 Α.
1141 542 1177 565 et
1196 534 1265 575 Stp.
1278 554 1290 571 ‚
1315 533 1355 566 it.
1375 534 1454 566 colo
1476 535 1512 567 B.
1528 540 1561 568 r.

25 583 66 615 R.
79 605 90 622 ,
111 593 175 624 pro
186 590 352 613 commate
363 582 398 613 B.
416 593 446 613 ι.
460 582 495 613 1..
513 589 549 612 et
563 581 621 612 Lu.
643 579 681 611 it.
693 578 758 611 Ms.
768 579 823 618 Bg.
895 578 920 617 i)
946 583 985 610 τὰ
996 576 1118 610 vitiose
1131 578 1220 610 deest
1235 580 1267 610 in
1278 582 1318 612 A.
1330 589 1365 613 2.
1431 582 1466 620 ³1.)
1494 582 1562 614 Ms.

28 629 83 661 Vi.
103 629 370 667 μιτιπίμψιοῦαα,
394 627 509 669 quod,
541 635 603 668 pro
623 624 689 657 fut.
708 625 781 667 Stp.
804 624 891 662 tel.‚
923 623 1051 656 habent
1071 625 1173 656 etiam
1190 630 1233 657 A.
1251 626 1295 657 al.
1319 636 1356 658 v.
1376 627 1424 660 N.

127 741 170 776 ln
190 751 227 775 v.
247 755 332 787 ore„
361 738 426 777 ubi
447 740 521 777 Ms.
543 749 722 776 numerus
747 737 863 779 alius,
898 737 988 787 fing.
1018 750 1087 786 pro
1110 739 1229 785 plur.‚
1260 751 1304 775 ex
1328 738 1485 788 ingenio
1516 741 1566 778 est

27 789 271 830 Glossatoris‚
304 802 384 826 non
405 789 561 827 ferentis
583 789 665 831 hic,
693 787 757 825 etsi
780 787 894 830 alibi,
921 788 971 826 ἑκ.
993 787 1228 825 collectivum
1250 787 1327 838 sing
1360 803 1445 826 cum
1467 792 1562 837 plur.

28 851 63 875 v.
78 865 90 881 ‚
127 851 146 874 a
168 840 205 876 P.
224 850 311 875 cum
334 841 424 886 Mss.
445 841 511 875 rel.
534 839 732 875 sustentato
756 850 880 875 tamen
896 864 906 880 ‚
933 838 982 874 cf.
1004 851 1037 880 2,
1059 849 1136 881 5‚4.
1154 851 1184 874 e.
1204 862 1215 879 2
1253 838 1291 874 in
1311 853 1332 873 v
1366 856 1412 886 πρ
1449 841 1566 889 igitur

27 901 111 925 non
133 887 249 924 modo
270 888 365 924 illud
389 889 621 931 tenendum,
657 889 758 937 quod
782 888 905 926 Leisn.
929 888 1104 931 monuit,
1139 888 1332 935 pertinere
1354 890 1392 926 id
1415 892 1567 936 proprie

28 937 76 974 ad
99 938 311 986 proximum
331 950 363 975 Λ.
381 964 391 979 .
426 938 488 975 sed
518 950 557 976 et
577 939 650 974 hoc
679 937 917 980 faciendum,
954 949 998 974 ut
1023 937 1112 974 inde
1139 939 1374 985 cogitatione
1402 940 1567 978 sumatur

27 986 129 1024 aliud
155 988 337 1029 verbum,
377 989 429 1026 ibi
457 988 614 1037 quadam
635 987 783 1025 ratione
807 989 947 1027 latens,
981 987 1082 1035 quod
1103 1000 1230 1034 aptum
1255 988 1297 1025 {it
1317 991 1420 1026 alteri
1451 1003 1506 1037 pr.
1531 1004 1564 1027 v.

27 1042 100 1074 air.
115 1062 125 1078 ‚
159 1036 198 1074 in
221 1049 334 1086 quam
356 1050 435 1074 rem
457 1037 700 1074 commodum
720 1038 805 1074 sane
826 1036 876 1073 est
898 1039 960 1085 Bg.
981 1037 1081 1074 Lat.‚
1110 1035 1221 1074 etiam
1237 1039 1471 1082 vernaculis,
1500 1041 1569 1088 qui

26 1087 131 1124 suum
145 1086 331 1133 gedenken
352 1099 391 1125 et
405 1087 542 1124 denken
563 1101 642 1124 non
664 1098 817 1134 ponunt
840 1098 987 1122 tantum
1011 1086 1161 1134 proprie
1181 1086 1228 1122 de
1245 1101 1374 1124 mente
1392 1102 1431 1126 et
1450 1089 1570 1128 intel-

26 1136 208 1186 ligentia.
244 1149 316 1185 qua
338 1137 498 1174 notione
522 1139 589 1175 Gr.
609 1153 667 1183 πρ.
690 1137 872 1173 convenit
893 1147 979 1171 cum
1000 1149 1034 1171 v.
1055 1148 1111 1177 λ.,
1139 1136 1200 1172 sed
1226 1138 1338 1175 etiam
1360 1137 1570 1188 improprie

29 1186 76 1223 de
96 1185 222 1222 animo
241 1198 282 1222 ac
305 1188 523 1229 voluntate,
559 1186 647 1234 quia
675 1188 874 1235 utriusque
894 1185 1081 1222 facultatis
1109 1185 1160 1222 est
1181 1188 1338 1226 maxima
1360 1189 1569 1229 consensio,

29 1247 75 1273 ut
94 1234 275 1285 significet
295 1237 370 1285 i.q.
392 1237 509 1279 velle3
539 1237 734 1285 quomodo
746 1235 1162 1274 etlumiturinterdum
1176 1238 1254 1274 Lat.
1267 1240 1442 1287 cogitare,
1463 1241 1570 1287 quod

28 1297 69 1323 et
86 1287 135 1323 G.
154 1286 227 1323 Th.
250 1286 431 1323 concedit
452 1300 518 1333 pro
543 1287 771 1323 constituere
791 1295 877 1330 989,
902 1296 959 1331 30.
973 1312 984 1328 ,
1016 1287 1119 1333 quod
1140 1286 1192 1323 est
1209 1287 1232 1323 i.
1247 1300 1283 1335 q.
1306 1291 1507 1327 decernere
1528 1303 1571 1327 ac

27 1335 146 1377 velle-5
172 1346 216 1373 ut
233 1335 321 1373 huic
340 1349 404 1384 par
425 1338 465 1373 P.
484 1336 590 1378 illud,
618 1350 698 1372 non
719 1337 826 1372 aliter
848 1334 1024 1385 legentis,
1052 1336 1116 1373 sed
1136 1337 1252 1374 modo
1274 1339 1474 1385 explentis,
1502 1341 1570 1390 qui

27 1386 118 1422 inde
139 1385 172 1431 ς.
196 1398 250 1430 ¹4·
274 1385 341 1423 suo
361 1388 442 1423 Lat.
471 1387 651 1424 reddebat
673 1388 738 1424 Gr.
761 1384 882 1427 ἤθελον
907 1397 945 1422 et
971 1397 1001 1427 x.
1027 1395 1083 1432 13,
1108 1398 1138 1426 ι.
1159 1386 1239 1435 syn.
1263 1394 1447 1434 ἐβαύλετο.
1491 1404 1570 1439 quo

29 1445 71 1472 et
93 1434 287 1473 reditRzk.
309 1436 522 1474 coniestura
544 1436 619 1482 ἐξ..
648 1435 795 1472 inutilis
815 1437 932 1476 adeo,
959 1446 1072 1482 uta-g.
1094 1449 1161 1483 pro
1181 1437 1347 1486 cogitare
1367 1451 1407 1476 et
1426 1442 1522 1477 velle
1535 1453 1570 1480 v,

30 1497 88 1533 ap.
106 1485 193 1522 Aes.
218 1487 278 1524 fa.
306 1498 360 1529 15,
385 1496 441 1532 3.‚
475 1488 578 1523 cuius
598 1488 675 1523 lnd.
699 1485 763 1522 Hs.
785 1486 897 1522 habet
914 1487 990 1521 Lat.
1014 1490 1092 1534 lyn.
1115 1489 1177 1536 Bg.
1198 1488 1428 1536 existimare,
1464 1490 1572 1539 quod

32 1547 119 1573 cum
147 1535 224 1571 alio
243 1545 375 1584 putare
395 1548 429 1570 v.
462 1537 500 1572 in
521 1537 609 1574 Obs.
637 1536 740 1572 Mile.
765 1535 880 1573 Amst.
902 1536 1000 1573 Nov.
1021 1538 1066 1572 V.
1081 1540 1114 1572 6.
1135 1549 1169 1584 p.
1184 1549 1268 1583 499.
1283 1564 1292 1578 ‚
1325 1552 1395 1582 qua
1424 1542 1574 1577 rarione

31 1584 100 1632 Bg.
120 1583 257 1621 deinde
267 1598 364 1632 opus
380 1586 520 1628 habuit,
542 1585 609 1622 inf.
620 1591 689 1624 αἷτ.
704 1590 839 1623 eodem
854 1586 968 1621 modo
981 1585 1150 1628 reddere,
1175 1600 1289 1634 atque
1300 1591 1393 1625 adeo
1412 1603 1489 1626 aor.
1506 1604 1574 1638 per

33 1633 132 1673 fat..
169 1646 266 1681 quae
284 1635 360 1672 duo
383 1647 553 1683 tempora
572 1635 632 1672 hic
651 1637 690 1672 in
705 1637 770 1672 Gr.
799 1634 904 1672 simul
927 1636 1014 1671 sunt
1035 1636 1169 1672 iterum
1183 1663 1192 1679 ‚
1221 1648 1259 1673 et
1279 1651 1363 1675 curn
1378 1653 1410 1677 ν.
1422 1656 1481 1686 πρ,
1496 1654 1575 1679 aor.

36 1683 214 1728 quidem.
247 1695 290 1720 ut
312 1698 348 1724 2,
371 1698 403 1726 2,
423 1699 480 1731 9.‚
503 1686 672 1722 sumente
692 1685 753 1722 hic
779 1688 838 1733 ssg.
862 1687 958 1721 Latt.
981 1685 1178 1734 utriusque
1199 1687 1270 1724 inf.
1292 1690 1385 1729 eP..
1416 1691 1475 1725 led
1491 1695 1572 1738 Srp.

32 1732 106 1769 Th.
132 1731 201 1768 inf.
219 1745 249 1769 Α.
273 1732 496 1781 ignorante,
532 1734 578 1771 cf.
602 1735 682 1771 lnd.
704 1737 802 1771 Xen.
825 1735 907 1770 Pol.
929 1736 970 1770 Z.
990 1748 1020 1770 v.
1041 1743 1182 1780 μέλλω,
1216 1737 1277 1773 sed
1304 1737 1342 1773 in
1372 1751 1393 1774 v
1425 1746 1496 1777 αἲτ.
1520 1753 1576 1777 re·

33 1793 153 1818 nente
173 1781 325 1819 aliunde
349 1783 386 1818 id
405 1795 490 1819 cum
510 1784 576 1820 ac‘t.
600 1797 631 1822 λ.
654 1796 693 1820 et
713 1784 792 1832 syn.
813 1783 918 1820 subst.
932 1809 942 1824 ,
978 1784 1025 1820 cf.
1043 1797 1076 1819 v.
1102 1791 1184 1830 “⁴3³7-
1205 1788 1286 1823 lnd.
1306 1790 1414 1824 Dem.
1434 1793 1448 1824 ι,
1465 1803 1522 1825 υς.
1536 1801 1577 1828 et

33 1830 90 1880 Fi.
113 1832 234 1872 The„
267 1829 329 1868 sed
351 1832 388 1867 in
411 1845 445 1867 v.
464 1842 536 1869 utr.
559 1846 591 1868 e.
619 1834 677 1869 Rs.
699 1836 766 1869 Or.
788 1834 834 1868 V.
856 1847 890 1879 4.
918 1832 960 1869 it.
986 1835 1025 1869 L.
1051 1834 1099 1872 N.
1125 1837 1166 1870 Τ.
1197 1838 1243 1872 de
1263 1838 1468 1875 coniuncto
1486 1852 1574 1883 utr.,

36 1892 249 1929 quanquam
270 1882 339 1917 alia
359 1880 528 1923 ratione3
558 1882 617 1918 hic
630 1883 765 1919 Nostro
786 1894 872 1919 cum
887 1882 984 1920 med.
998 1883 1200 1931 usurpante
1219 1887 1282 1924 ast.
1297 1893 1448 1936 air-‚pro
1460 1889 1576 1934 med.,

37 1942 81 1968 ut
98 1941 135 1966 et
158 1930 219 1966 alii
244 1930 421 1973 miscent,
456 1930 505 1966 cf.
529 1933 610 1968 lnd.
633 1933 685 1968 Fi.
706 1931 838 1968 Aesch.

87 1984 135 2016 τὰ
156 1983 185 2017 δ.
207 1983 286 2027 χρ.)
315 1981 356 2016 ln
374 1996 432 2027 χρ.
455 1981 588 2018 Noster
606 1982 723 2018 variat
743 1994 829 2018 curn
853 1994 909 2029 pr.
929 1987 1033 2028 ἆργ..
1067 1982 1106 2019 in
1127 1996 1162 2020 v.
1186 2001 1223 2030 μ.
1245 1987 1329 2025 Sch.
1347 1987 1480 2034 partim
1494 1989 1577 2024 red·

39 2028 156 2067 dente
179 2042 199 2065 e
219 2032 258 2066 P.
284 2043 454 2070 „moram
466 2029 643 2075 futuram
662 2031 700 2067 in
723 2033 840 2068 danda
864 2033 1092 2078 pecuniam«
1121 2034 1239 2071 libere
1259 2048 1384 2074 tamen
1397 2037 1575 2075 adiuncto

38 2081 114 2117 hoc
135 2088 227 2116 extr.
249 2078 344 2115 subst
368 2104 378 2121 ,
416 2080 581 2116 servante
605 2081 801 2118 formulam
826 2082 864 2116 P.
886 2082 999 2118 etiam
1021 2085 1106 2131 Bg..
1142 2097 1210 2131 pro
1233 2098 1304 2133 qua
1326 2087 1500 2125 dedissem
1518 2099 1578 2136 pe·

38 2129 179 2166 cuniam
198 2129 448 2166 cunctaturam
471 2129 554 2178 ff,
580 2142 693 2178 tropo
713 2143 753 2167 ac
776 2133 1016 2177 metaphorae
1036 2144 1176 2181 genere
1198 2135 1263 2172 illo
1285 2138 1324 2173 in
1347 2139 1471 2180 rebus,
1499 2139 1577 2174 vita

40 2178 278 2221 carentibus,
311 2180 558 2222 conservato,
594 2193 677 2217 cum
707 2194 745 2217 er
765 2181 844 2217 Lat.
869 2180 908 2217 in
939 2181 1020 2218 aliis
1050 2182 1206 2227 norint,
1245 2186 1291 2222 cf.
1315 2188 1363 2224 G.
1389 2188 1465 2224 Th.
1489 2201 1578 2225 cum

41 2229 109 2265 Gr.
129 2239 165 2263 n.
193 2238 298 2275 1314,
321 2239 376 2274 37.
396 2239 435 2264 et
457 2241 513 2273 57.
536 2229 637 2278 sqq..
668 2244 745 2278 quo
765 2243 936 2272 remoto,
963 2232 1211 2274 redeuntilla,
1245 2237 1441 2282 pecuniam
1456 2237 1579 2274 statim

41 2276 239 2314 affuturam
253 2303 264 2321 ,
301 2278 530 2326 praesentem
553 2281 716 2317 suturam
731 2304 742 2322 ,
778 2280 1027 2317 exhibendam
1046 2282 1117 2318 ess'e
1136 2295 1177 2318 ac
1198 2284 1438 2323 dividendam
1452 2312 1463 2330 ,
1498 2300 1577 2324 non

42 2326 184 2364 tardius
203 2339 242 2364 et
262 2328 383 2364 multo
403 2328 506 2375 post,
539 2331 621 2377 Stp.
644 2331 718 2366 Th.
743 2330 782 2366 in
803 2343 837 2365 v.
856 2347 894 2374 μ.
919 2330 983 2367 sub
1003 2331 1086 2380 cessii
1112 2332 1185 2369 huc
1206 2334 1397 2382 spe-stante
1427 2337 1518 2376 „sed
1539 2349 1579 2374 et

41 2384 120 2423 ree)
142 2383 331 2422 χρημάτων
351 2377 395 2414 ab
416 2391 462 2414 eo
483 2377 707 2427 usurpatur“
734 2392 822 2416 cum
843 2381 880 2416 P.
901 2382 986 2422 Vs.,
1014 2394 1111 2426 quae
1130 2395 1169 2419 et
1188 2386 1320 2430 partim
1342 2387 1509 2423 adhibita
1532 2388 1577 2424 ab

43 2427 172 2474 Hoog.
190 2426 233 2463 ad
252 2428 336 2474 Vig.
357 2439 390 2474 p.
405 2439 487 2471 259.
509 2441 584 2465 a.e.
610 2441 696 2470 „res
719 2430 831 2466 etiam
852 2441 891 2467 et
913 2430 1128 2478 promissum
1149 2433 1287 2471 dicitur
1307 2442 1463 2479 μέλλειν.
1494 2449 1579 2473 cuin

42 2475 84 2513 in
106 2489 153 2512 eo
185 2474 415 2522 perficiendo
444 2489 569 2516 morae
601 2479 815 2516 nestuntur.
875 2482 928 2516 Ita
952 2480 1114 2518 lulianus
1141 2495 1197 2529 ap.
1220 2484 1379 2521 Herodi.
1400 2488 1424 2521 l.
1440 2499 1472 2522 2.
1495 2491 1577 2524 c.6.

42 2524 247 2573 imperium
261 2551 272 2567 ‚
299 2525 403 2574 quod
423 2528 553 2564 venale
572 2541 671 2570 erat,
698 2527 862 2571 licitans,
890 2529 1076 2567 militibus
1097 2544 1264 2580 magnam
1288 2535 1470 2582 pecuniae
1483 2537 1581 2573 sum-

45 2587 143 2612 mam
167 2576 388 2621 pollicetur,
414 2577 615 2626 additque,
641 2583 687 2616 τόι
705 2593 816 2624 χρ.-
834 2595 931 2622 μετ,
959 2580 997 2615 in
1010 2584 1245 2620 numerando
1269 2596 1421 2632 argemo
1439 2587 1579 2624 nullam

45 2637 182 2678 morqm
201 2623 271 2661 esse
280 2623 474 2671 futuram,
501 2625 564 2665 sed
577 2628 672 2664 illico
692 2628 730 2664 id
748 2631 845 2664 domo
857 2630 1078 2666 translatum
1098 2632 1179 2666 iri“
1206 2646 1341 2671 neutro
1353 2633 1446 2681 quid
1463 2635 1580 2675 {imile

48 2678 287 2722 proterente,
312 2673 372 2710 sed
386 2677 511 2724 Hoog.
530 2688 678 2713 rantum
702 2676 740 2713 in
762 2691 815 2725 pr.
838 2674 1024 2724 ἕχθςαν-
1046 2683 1083 2717 οὐ
1101 2687 1307 2726 μέλλουσαν,
1334 2697 1407 2720 nec
1420 2687 1584 2725 lnd.ali-

49 2735 147 2773 quo;
185 2734 227 2759 ut
249 2737 291 2760 ex
312 2725 456 2774 analog.
480 2727 592 2762 modo
612 2726 802 2764 scribatur.

98 2774 314 2822 μεταπεμψ.)
341 2774 411 2813 Ms.
436 2774 544 2814 lectio
562 2774 690 2814 similis
709 2777 758 2814 est
778 2776 835 2814 illi
853 2776 893 2815 in
915 2790 969 2828 pr.
990 2780 1074 2817 edd.
1097 2783 1211 2823 ἀναν..
1239 2781 1335 2820 nihil
1355 2784 1583 2827 decernente
