1722 3086
167 91 259 143 398
325 80 494 126 LIBER
513 79 562 124 Π.
599 79 722 124 CAP.
744 80 862 125 XIII.
895 81 1021 136 ΑΥ.
1043 83 1089 127 C.
1112 85 1222 141 946.
1256 85 1395 130 CHR.
1417 87 1480 130 N.
1511 101 1617 146 193.

160 203 318 267 ,ῥμεῗς
342 194 452 268 πξός
473 193 536 245 τοὶ
559 195 865 262 τετολμημένα
887 203 915 221 ¹¹¹
971 218 1005 250 ις
1054 199 1198 268 vestris
1245 199 1508 270 fitpplicium
1552 223 1682 276 qnae.

159 276 396 346 ,,τιμωξίαν
424 270 627 342 ζητεῖτε,
673 267 761 321 063⁰
787 279 802 296 ¹¹
832 272 916 325 {scu
952 278 1049 326 ritis
1068 317 1083 342 ‚
1129 295 1201 326 nec
1218 277 1394 327 inveni-‘ri
1409 282 1551 348 potest
1572 300 1679 350 poe-

159 355 320 423 „ivgsiv
346 347 466 406 δίκην
488 345 560 405 τῆν
592 347 915 415 ἐπιτεθῆσαμέ-
951 371 1007 402 na
1065 371 1174 424 quae
1236 357 1480 420 imponatur
1544 360 1678 422 digna

250 496 299 538 m)
325 497 390 528 Ms.
413 494 468 524 13³.
497 495 537 523 τὲ
552 494 745 530 τελμημὲνκ,
774 491 919 530 vitiose,
954 501 1066 533 neque
1093 491 1340 526 animadversus
1369 493 1414 526 est
1439 505 1546 528 error.
1570 497 1677 530 Mare.

157 543 263 575 Ortus
284 539 342 572 ille
368 550 385 570 e
405 553 437 570 τε
456 536 568 578 elapso
590 539 634 568 ob
654 548 705 579 pr.
723 540 763 569 τὰ
790 536 893 569 fimiie
918 547 954 570 et
981 548 1000 569 e
1017 536 1160 570 confinis
1181 552 1195 570 ε
1214 548 1248 571 et
1273 552 1299 571 0.
1371 544 1406 579 n)
1432 540 1496 573 Ms.
1514 542 1567 575 Ba.
1597 544 1677 582 οὖὸίν

155 592 215 621 esav
234 595 266 618 λ.
289 595 324 617 et
343 584 406 617 MS.
427 584 480 616 Vi.
501 584 581 616 οὖὸἒν
596 584 654 614 ἕξιν
672 592 727 621 λ.,
761 593 795 615 V.
819 582 863 615 N·

155 699 262 738 finiul
284 698 479 736 territurus
500 696 621 732 adhuc
641 695 754 745 magis
777 695 928 732 illorum
952 697 1097 734 animos
1112 723 1123 740 ,
1147 698 1234 746 qui,
1261 698 1399 735 conscii
1420 698 1608 741 facinoris.
1635 711 1676 739 et

155 751 204 787 de
222 763 266 786 eo
291 761 377 785 mox
401 747 533 783 clarius
554 745 670 783 edoeti
684 770 694 787 ,
731 758 860 782 contra
883 745 918 782 se
936 745 1000 794 ipsi
1021 747 1177 784 statuere
1198 759 1419 791 monentur,
1449 761 1489 787 et
1509 752 1677 793 cogitare

154 813 195 837 et
217 797 433 850 agnoscere,
463 796 498 832 se
519 809 640 842 poena
664 795 800 843 dignos
820 796 913 837 effe,
939 796 997 832 vel
1018 810 1038 833 e
1060 797 1199 833 iudicio
1221 799 1282 834 suo
1300 797 1477 844 ipsorum.
1536 793 1578 836 lu
1598 801 1678 836 'tro-

153 850 235 899 pica
257 849 409 897 quidem
430 846 588 882 formula
612 859 662 882 ne
681 846 720 881 P.
741 846 891 893 quidem
912 845 1093 889 offendit,
1130 858 1275 894 praeter
1296 840 1507 893 omissa]iev
1531 845 1604 890 οὖν,
1636 858 1676 885 et

154 899 323 937 additum
346 897 434 933 huic
459 897 628 931 membro
649 909 669 931 e
690 895 743 941 sq.
761 899 815 941 ἂξ.
834 896 926 935 adi„
952 897 1252 945 contractamque
1271 896 1428 933 omnino
1449 899 1673 939 orationem.

152 961 303 987 mutans
326 947 439 982 modo
462 944 685 985 rectionem,
713 956 789 992 quo
810 946 951 982 deserto
967 946 1048 983 Sch.
1064 948 1104 982 in
1130 946 1384 995 „ur-scelzssa‘
1397 948 1675 995 audacissfaae‘la,

151 998 414 1049 xq.fi·ele7·il1us
436 993 858 1044 debitumsupplicimn‘t
883 994 1040 1042 sequens
1070 995 1108 1032 in
1139 996 1260 1041 primo
1288 997 1484 1034 notionem
1516 997 1615 1034 illam
1637 1010 1674 1033 v.

150 1062 253 1094 ςυλμ,
276 1060 359 1083 curn
379 1043 538 1092 emphasi
552 1071 562 1087 ‚
587 1057 659 1092 qua
680 1044 726 1081 de
747 1044 856 1084 alibi,
885 1045 945 1082 sed
963 1045 1000 1081 in
1027 1047 1143 1082 altero
1166 1058 1361 1082 numerum
1374 1049 1439 1083 Gr.
1460 1047 1575 1094 plur„
1605 1048 1676 1083 aP.

152 1099 364 1139 desertum,
391 1109 470 1131 non
493 1094 584 1131 item
604 1107 622 1130 a
645 1096 732 1142 Eg„
759 1095 846 1141 qui,
873 1094 1048 1143 negleftis
1069 1112 1105 1139 μ.
1130 1095 1158 1135 0'.
1177 1109 1197 1131 e
1212 1096 1272 1138 P.,
1299 1094 1424 1133 reddit
1443 1102 1485 1138 εἷ,
1511 1109 1552 1133 ut
1572 1096 1675 1136 alias.

151 1164 199 1187 ex
222 1148 435 1194 eodemque
457 1156 576 1180 mutat
605 1157 710 1191 pron.
733 1144 822 1190 pers.
841 1143 896 1189 ὗμ.
924 1146 1006 1190 (per
1026 1144 1061 1180 se
1082 1145 1144 1180 hic
1163 1156 1228 1181 aut
1246 1145 1460 1182 redundans
1477 1158 1562 1183 cuin
1583 1160 1616 1181 v.
1637 1148 1677 1193 ζ.

150 1199 318 1236 eiusdem
341 1195 433 1242 pers.
448 1219 458 1234 ,
496 1205 558 1231 aut
579 1192 794 1240 oppositum
817 1207 870 1241 pr.
892 1193 990 1238 ἧμετ.
1016 1206 1054 1231 et
1069 1196 1156 1241 ἐμοὶ)
1187 1195 1225 1230 in
1250 1195 1359 1232 affine
1378 1208 1490 1242 pron.
1519 1195 1677 1243 poffeffiq

149 1251 264 1288 Qum,
297 1245 620 1282 accommodatum
639 1243 813 1280 adiunsto
835 1244 939 1279 subst.
961 1244 998 1280 in
1020 1261 1116 1287 τετ.,
1144 1244 1207 1280 ubi
1230 1244 1361 1280 Noster
1384 1243 1553 1292 respicit,
1580 1243 1674 1281 levi.

149 1309 209 1335 ter
227 1297 395 1335 variam,
424 1307 459 1334 2,
480 1305 512 1338 5,
534 1305 587 1336 15.
613 1306 646 1334 2,
669 1297 703 1333 6,
727 1305 781 1328 22.
814 1306 846 1335 2,
866 1305 900 1335 9,
922 1304 998 1339 13.,
1039 1294 1102 1328 hic
1128 1294 1288 1329 scribens
1317 1294 1492 1341 peculiari
1513 1294 1686 1336 ιἐιῑίοηε,χ

147 1360 229 1385 non
250 1357 398 1383 tantum
426 1343 462 1379 in
487 1343 649 1379 formula
673 1346 706 1389 ζ,
727 1358 820 1387 τιμ.,
861 1341 1142 1389 (praebentibus
1173 1343 1279 1379 Indd.
1301 1355 1333 1378 v.
1351 1347 1384 1390 ζ.
1405 1355 1489 1379 cum
1514 1356 1590 1379 acc.
1616 1343 1671 1380 rei

147 1397 229 1434 aliis
249 1406 397 1432 tantum
413 1419 423 1435 ,
460 1392 508 1429 cf.
527 1394 649 1428 Thuc.
673 1395 732 1428 Rs.
753 1396 818 1428 Or.
842 1392 890 1426 V.
905 1399 938 1432 8.
958 1392 1166 1439 LyC.Dem.
1182 1418 1192 1432 ,
1226 1391 1283 1427 cui
1303 1394 1388 1429 add.
1407 1402 1487 1436 108,
1504 1396 1562 1428 26.
1583 1404 1672 1438 259,

146 1447 214 1483 ult.
245 1445 286 1482 ls.
311 1445 374 1480 Ev.
402 1453 441 1479 et
463 1444 548 1479 Pan.
569 1442 668 1477 Mor.
693 1454 726 1488 p.
744 1454 798 1487 ¹4·
814 1445 967 1478 e.‘66.e.
989 1446 1046 1482 68.
1065 1442 1133 1478 l.6.
1159 1443 1256 1477 Xen.
1278 1443 1334 1478 M.
1351 1443 1389 1477 S.
1412 1442 1462 1477 Fi.
1483 1442 1612 1479 Aesch.
1631 1453 1671 1479 et

146 1496 245 1533 The.
268 1507 351 1530 cum
378 1495 437 1528 Fa.
458 1490 558 1536 Aes.)
579 1490 642 1527 sed
671 1490 783 1527 etiarn
813 1491 854 1527 in
887 1491 1016 1526 eadem
1044 1491 1209 1528 formula
1230 1503 1312 1526 cum
1341 1504 1393 1537 pr.
1414 1498 1517 1537 πρὸς,
1555 1494 1671 1539 quam

145 1543 382 1582 reddidissem
404 1552 467 1578 aut
488 1542 565 1576 Lat.
580 1550 671 1589 pro,
706 1541 745 1576 in
764 1541 928 1577 notione
949 1539 1241 1576 convenientiae
1264 1551 1303 1576 et
1323 1540 1540 1588 dignitatis,
1567 1541 1671 1577 unde

145 1607 235 1632 mox
256 1599 318 1632 δικ.
336 1613 374 1619 -
394 1596 491 1637 ἀξίαν
511 1598 576 1627 τῶν
595 1603 627 1627 λ.
641 1614 652 1630 ,
682 1602 747 1626 aut
762 1592 842 1627 Lat.
862 1599 1033 1638 propter,
1075 1589 1123 1628 cf.
1142 1589 1227 1625 aiibi
1246 1601 1285 1626 et
1302 1588 1344 1626 in
1371 1587 1572 1626 notionem
1594 1600 1669 1628 utr.

142 1646 237 1683 Bud.
257 1645 298 1680 C.
327 1651 430 1689 ¹385,
454 1652 511 1683 29·
535 1651 591 1684 52.
626 1642 706 1686 Stp.
727 1640 801 1675 Th.
824 1650 854 1684 3,
880 1649 959 1685 573.
979 1641 1017 1675 F.
1037 1638 1088 1686 sq.
1109 1650 1148 1675 et
1167 1639 1248 1686 vig.
1268 1651 1303 1686 p.
1325 1643 1406 1685 643.
1428 1640 1493 1676 Nr.
1520 1651 1578 1675 12.
1600 1639 1668 1686 sq,

141 1694 206 1732 sed
227 1704 272 1730 ut
292 1692 427 1729 Noster
446 1702 572 1727 tamen
593 1690 796 1736 respexerit
819 1690 898 1725 Lar.
928 1688 1111 1736 quaedam
1138 1702 1194 1736 ap.
1218 1691 1265 1725 G.
1286 1689 1356 1724 Th.
1381 1688 1422 1724 in
1443 1687 1549 1725 subst.
1581 1701 1667 1726 cum

141 1746 209 1781 Gr.
230 1755 267 1783 n,
286 1755 370 1786 927,
395 1744 452 1786 56.
477 1739 654 1787 „quaerit
669 1751 806 1775 novam
823 1748 967 1786 poenam
987 1737 1183 1774 sceleribus
1196 1747 1343 1786 parem,
1369 1739 1453 1774 Sen.
1465 1738 1588 1775 Theb.
1609 1742 1666 1782 (et

141 1796 184 1834 in
203 1794 266 1842 Bg.
286 1791 393 1828 subst.
415 1795 496 1833 671,
523 1802 576 1824 11.
596 1800 647 1824 20.
669 1788 739 1836 sq.)
762 1789 963 1835 deposcere
974 1787 1162 1836 supplicia,
1179 1808 1219 1819 -ι
1238 1786 1486 1835 exposcere—
1500 1788 1666 1836 exquire·

140 1857 204 1886 re,
247 1841 482 1890 excogitare.
528 1839 695 1874 invenis-e
713 1859 775 1881 —‚
811 1839 870 1884 (in
893 1850 929 1874 ν.
953 1840 1012 1885 ὓς.
1042 1849 1126 1873 cum
1154 1837 1218 1874 Gr.
1237 1841 1295 1882 n.)
1323 1850 1496 1886 quaerere
1516 1858 1554 1866 —
1584 1836 1665 1874 eius

141 1892 216 1938 est,
255 1891 319 1939 qui
345 1892 436 1929 scire
452 1910 488 1917 —
512 1888 653 1940 aliquid
676 1890 779 1931 vult.
818 1893 900 1932 (aut
919 1901 963 1924 ex
984 1886 1084 1930 aliis,
1111 1900 1197 1929 aut,
1234 1899 1278 1924 nt
1297 1887 1368 1923 h.l.
1390 1885 1516 1929 iimul,
1551 1899 1593 1923 ex
1614 1885 1666 1928 se,

139 1947 228 1983 dum
251 1942 395 1991 cogitat
412 1952 451 1976 et
472 1938 654 1978 deliberat
673 1940 720 1975 de
742 1952 782 1976 re
805 1938 948 1987 aliqua,
975 1937 1024 1973 cf.
1044 1938 1092 1974 ib.
1110 1950 1164 1980 10,
1178 1944 1207 1979 8.
1229 1949 1267 1973 et
1288 1938 1326 1973 in
1348 1937 1477 1985 primis
1490 1940 1665 1973 cum'acc.

137 1996 213 2037 rei,
249 2006 315 2040 pro
337 1989 528 2037 inquirere
549 1992 593 2028 de
613 2004 650 2027 re
670 1989 746 2026 Liv.
770 1989 851 2025 lnd.
872 2000 951 2025 tum
970 1988 992 2022 l.
1008 1988 1200 2034 59·63-)fi
1215 1999 1344 2023 verum
1362 1989 1579 2035 quaerimus,
1608 1987 1666 2032 (et

135 2045 180 2084 in
192 2040 421 2092 syn.)fiquis
431 2040 619 2086 requirit“
631 2038 678 2075 fic
690 2039 840 2086 quidem
853 2038 928 2074 line
942 2049 1064 2084 praep.
1082 2040 1125 2072 ad
1140 2039 1217 2072 Att.
1236 2049 1291 2078 12,
1304 2048 1364 2082 40.
1378 2049 1408 2081 p.
1426 2047 1508 2083 370.
1523 2037 1582 2073 ed.
1592 2037 1662 2072 Gr.

187 2093 256 2131 οὐδ’
273 2095 340 2134 ἐς.)
366 2091 456 2126 Mss.
475 2092 566 2126 οὐδὲν
587 2087 817 2125 videturesse
834 2088 957 2124 minus
971 2088 1013 2122 ab
1033 2099 1159 2123 errore
1176 2086 1215 2123 in
1237 2085 1350 2134 figura
1377 2086 1525 2124 litterae
1546 2090 1662 2123 acum

136 2142 384 2193 apostropho,
421 2150 460 2174 et
477 2137 575 2186 quali
595 2139 694 2187 vulg.
716 2149 839 2174 ortum
859 2137 902 2173 fit
924 2149 967 2173 ex
983 2147 1085 2171 novo
1100 2157 1109 2173 2
1135 2134 1261 2183 elapsis
1280 2151 1313 2173 εν
1331 2136 1380 2171 ob
1392 2136 1444 2183 sq.
1464 2135 1599 2172 fimiles
1610 2151 1662 2177 ες.

135 2206 247 2243 quam
267 2205 286 2228 a
307 2188 537 2231 Gloffatore‚
565 2188 628 2235 qui
648 2188 841 2234 explicarit
859 2190 933 2224 οὐδὲ
953 2199 1018 2233 per
1037 2188 1148 2227 οὐδὲν,
1186 2198 1253 2233 pro
1273 2188 1309 2221 οὔ
1328 2184 1444 2233 simpl.
1459 2209 1470 2227 ,
1506 2195 1662 2222 tentans

134 2244 238 2292 vulg.
260 2239 427 2277 (imiliter
445 2249 478 2280 ῐ,
508 2250 560 2279 12,
585 2248 639 2281 13.
656 2250 727 2278 m.‚
760 2236 809 2272 cf.
831 2237 1052 2272 contrariam
1076 2236 1113 2272 in
1135 2245 1275 2283 partem
1299 2248 1331 2277 2,
1356 2247 1387 2278 5,
1403 2247 1454 2270 12.
1476 2248 1549 2276 m..
1573 2246 1661 2272 cum

133 2293 258 2341 vulg..
290 2291 349 2325 hic
371 2290 408 2324 in
429 2285 598 2335 apodofis
616 2287 745 2323 fronte
763 2288 879 2327 stans,
906 2286 965 2322 vel
986 2284 1029 2322 sit
1049 2298 1118 2332 pro
1137 2298 1179 2321 ne
1203 2285 1363 2332 quidem,
1390 2283 1449 2320 vel
1460 2297 1527 2332 pro
1541 2282 1659 2330 limpl.

132 2348 194 2385 03,
222 2352 267 2377 ut
289 2339 392 2375 limili
415 2339 482 2374 fitu
503 2337 582 2383 post
602 2342 673 2374 ἐπεὶ
692 2337 846 2372 habetur
865 2345 899 2376 8,
921 2339 954 2377 6,
977 2339 1052 2376 16..
1088 2332 1341 2370 nescientibus
1369 2335 1445 2369 tale
1465 2333 1555 2381 quid
1574 2335 1657 2380 Stp.

133 2393 213 2430 Th.
235 2400 276 2427 et
293 2391 417 2435 Hoog.
437 2389 510 2434 Op.
524 2412 534 2429 ,
563 2398 707 2432 praeter
729 2385 812 2432 Vig.
835 2397 962 2431 P·452-
984 2385 1049 2421 Nr.
1065 2396 1118 2428 15.
1139 2382 1179 2419 in
1201 2383 1300 2420 affini
1318 2388 1394 2419 εἰ-
1411 2387 1496 2427 μηδὲ
1513 2394 1534 2418 e
1548 2383 1659 2422 Dem,

132 2449 220 2483 228,
244 2443 295 2476 16.
311 2464 320 2480 ‚
348 2438 528 2474 reddente
550 2438 634 2483 Eg„
667 2445 712 2470 ut
733 2435 843 2476 alibi,
869 2435 1050 2470 alterutro
1067 2432 1174 2469 sensu
1196 2432 1285 2474 illo,
1323 2432 1385 2468 sed
1406 2433 1445 2469 P.
1470 2432 1594 2480 potius
1614 2431 1660 2466 li·
1702 2430 1708 2435 “

131 2493 220 2528 bere
239 2501 418 2536 nunquam
431 2487 541 2534 sane,
575 2497 685 2532 quam
705 2496 748 2521 nt
768 2483 939 2519 habuerit
961 2482 1000 2518 in
1021 2483 1116 2519 Cod.
1134 2482 1200 2518 suo
1221 2485 1258 2519 οὔ
1279 2487 1330 2523 δὴ,
1357 2481 1379 2518 s.
1399 2478 1442 2518 οὔ
1457 2497 1524 2522 τοι,
1554 2481 1578 2516 s.
1598 2483 1656 2519 οὐκ

129 2538 184 2579 ἔτι
207 2538 231 2576 s.
257 2535 308 2577 ἔτ’
324 2551 354 2576 λ.
371 2562 381 2577 ,
417 2534 515 2584 quasi
536 2532 716 2572 exciderit
737 2534 808 2568 hoc
829 2535 877 2568 ob
897 2533 947 2579 sq.
967 2532 1083 2568 fimile
1103 2547 1153 2570 εςι
1168 2555 1180 2573 ,
1207 2530 1423 2568 ειςοηῑυῐη
1448 2534 1568 2570 Betae,
1594 2531 1658 2565 de-

128 2590 249 2637 nique
260 2588 350 2636 sane
370 2586 535 2622 additum
561 2585 683 2621 libere.
736 2584 861 2620 Altera
875 2584 958 2617 Var.
976 2583 1014 2618 L.
1037 2582 1076 2617 in
1097 2580 1181 2617 edd.
1205 2580 1356 2626 quidem
1377 2582 1502 2618 ἐπιτιθ.
1518 2591 1655 2616 emen-

129 2639 180 2676 do
200 2638 268 2676 est,
307 2649 350 2673 ur
371 2637 460 2673 Mss.
487 2633 596 2670 etiam
627 2634 745 2680 potest
770 2631 839 2667 esse
870 2645 912 2667 ex
933 2630 1053 2676 elapso
1075 2646 1114 2667 τε
1143 2632 1193 2665 ob
1210 2632 1259 2678 sq.
1289 2629 1420 2665 similes
1446 2631 1514 2671 5η,
1550 2628 1655 2676 quod

127 2689 277 2728 malim.
317 2698 428 2733 quarn
450 2684 698 2722 Gloffatorem
718 2679 874 2719 sumliffe
894 2683 986 2717 med.
1011 2693 1076 2725 pro
1100 2680 1205 2723 pals„
1234 2677 1297 2715 etsi
1319 2678 1554 2715 hocsolenne
1577 2677 1652 2714 scio

127 2738 168 2777 in
184 2737 260 2776 fut.
280 2737 375 2775 med.
390 2761 402 2780 ,
429 2734 540 2785 quia,
561 2732 587 2771 fi
606 2733 699 2771 haec
715 2731 865 2770 novitas
888 2743 958 2779 pro
985 2741 1072 2767 vera
1088 2729 1299 2766 Herodiani
1327 2740 1440 2766 manu
1466 2727 1652 2771 credatur,
1706 2757 1711 2761 .
