1717 3082
120 95 294 143 LIBER
313 95 389 142 IV.
421 93 547 140 CAP.
567 93 604 138 1.
627 86 694 139 Ἀ.
714 90 771 139 V.
793 91 841 139 C.
865 96 978 152 964.
1012 90 1147 137 CHR.
1166 90 1232 139 N.
1265 105 1375 142 211.
1450 107 1550 164 799

21 212 118 279 βιὸν
139 210 211 275 καὶ
234 207 412 273 λωθῶν,
446 207 470 263 ἤ
494 230 614 264 τινας
639 209 789 258 ffdvae-
824 215 950 279 prior
981 225 1024 261 ct
1048 213 1229 272 fallens,
1266 225 1342 264 aut
1369 231 1451 282 per
1473 218 1554 267 im·

27 292 197 344 mlo-ac
217 290 301 338 τῶν
328 287 570 354 ὑπηξετῶν,
601 281 788 342 ὃηλητη-
824 290 971 356 pulsos
993 308 1016 336 a
1038 291 1077 337 se
1098 288 1343 347 ministros,
1378 309 1556 344 veneno

26 367 102 437 ςίῳ
134 363 357 434 zeph-nrm
394 361 642 432 φαξμσὶκῳ.
682 359 789 410 vati-
830 381 876 422 4.
917 383 1014 413 rem
1056 377 1243 427 gereret.
1331 371 1555 423 Quocirca

27 463 83 512 τῃ
114 441 219 506 γοῦν
252 439 326 502 καὶ
355 436 431 495 τὴν
457 436 701 506 &arrogabat
727 435 787 486 ἔτι
825 453 868 489 et
908 444 991 489 iter
1030 444 1174 490 adhuc
1218 444 1357 504 magis
1395 446 1557 494 accele-

27 520 211 585 μᾶλλον
244 516 422 580 ἤπειγον
457 521 499 578 ⁴³,
561 509 787 582 ἀδεές-ερον
822 518 994 580 rabant,
1036 522 1384 583 tutiusruterque
1409 519 1557 570 viau-

27 592 236 661 ἑκάτεςσς
291 588 551 654 βιώσεσθαι
605 584 785 660 πςοςὸο-
821 612 923 642 rum
944 595 983 641 se
1017 594 1214 658 sperans,
1256 595 1333 643 ubi
1363 600 1559 655 Romam

28 672 130 730 κῶν,
162 673 199 718 ἐἰ
222 671 263 718 ἐν
293 667 347 738 τῇ
381 665 519 735 Ῥώμῃ
551 664 738 730 γένοιντο
764 663 795 726 ¹¹,
831 667 1150 736 pervenissent,
1203 689 1252 719 ac
1287 671 1408 733 regi-si
1445 674 1560 723 divi-

27 744 126 809 κα),
151 742 214 795 τοὶ
233 744 457 807 βασίλειοι
479 739 727 808 διελόμενοι,
751 743 790 790 ἐν
827 746 871 794 [ἃ
914 748 960 794 in
1008 747 1153 813 ampla
1187 758 1231 794 et
1266 747 1448 814 spatiosa
1481 750 1558 799 ha·

121 876 171 919 ff)
194 875 247 909 Sic
265 883 402 917 quoque
427 873 461 904 in
488 872 543 906 ed.
573 873 625 905 ΒΞ.
648 882 682 908 2.
709 873 747 905 L.
767 871 811 904 al.
833 882 896 914 pro
917 872 935 909 ἦ
963 873 1043 906 τινὰς
1070 873 1113 906 A.
1138 873 1213 915 Stp.
1239 873 1303 906 rel.
1334 873 1382 908 cf.
1406 881 1438 918 3,
1461 882 1497 916 7.
1520 879 1561 913 33

29 925 216 1001 {distabat-1.
245 921 286 953 it.
302 930 339 961 4,
361 927 417 956 12,
439 928 474 963 4.
496 929 532 951 v.
556 919 604 952 N.
686 920 718 958 g)
746 917 860 950 colon
884 918 918 949 in
946 918 1013 950 Ms.
1033 917 1087 951 Ea.
1172 919 1213 966 h)
1234 920 1361 953 lterum
1386 920 1490 954 colon
1516 921 1559 957 in

29 1069 95 1118 Bg.
109 1064 243 1104 meiius
254 1064 299 1102 ad
314 1062 633 1114 perspicuitatem,
658 1062 727 1113 (cf.
741 1077 776 1107 2,
792 1076 849 1111 ις,
872 1065 921 1113 3.)
939 1076 1052 1114 quam
1072 1064 1111 1101 in
1124 1062 1177 1113 sq.
1197 1064 1296 1108 Λευὶ,
1323 1064 1373 1102 cf.
1396 1078 1479 1112 ης,
1494 1072 1557 1109 18·

30 1127 68 1167 3,
91 1129 145 1163 14,
169 1129 224 1161 19.
245 1118 349 1156 διελ..
387 1126 446 1157 at,
472 1114 616 1151 deserto
643 1115 706 1159 P.,
733 1114 887 1152 tiberius
909 1115 952 1152 ad
984 1115 1035 1163 sq.
1057 1117 1285 1157 membrum,
1317 1115 1381 1152 ubi
1403 1116 1491 1152 Sch.
1513 1116 1561 1154 in

30 1171 115 1209 „bav-
139 1179 242 1215 quum
255 1162 472 1214 persuasisset
484 1164 561 1200 iiscc
581 1177 649 1212 pro
670 1176 748 1212 quo
769 1166 908 1206 malim,
936 1177 978 1199 ne
997 1165 1076 1213 quis
1098 1163 1263 1211 ipsorum
1273 1165 1378 1214 prior
1398 1176 1436 1202 et
1453 1167 1560 1209 clam,

29 1227 98 1253 aut
115 1216 280 1265 quosdam
303 1213 501 1261 impellens
520 1213 781 1264 minzstrorum,
819 1225 1007 1251 venenum
1035 1215 1240 1255 adhiberet3
1267 1212 1331 1250 ubi
1358 1213 1442 1252 sane
1473 1215 1562 1252 sen·

31 1265 92 1304 sus
108 1265 178 1306 est,
209 1277 259 1301 ne
286 1263 369 1312 quis
389 1261 555 1310 ipsorum
580 1264 688 1313 prior
708 1263 899 1302 adhiberet
925 1264 1014 1300 clam
1036 1276 1224 1300 venenum
1253 1262 1291 1299 in
1312 1264 1472 1300 alterum
1497 1263 1560 1302 vel

31 1314 137 1362 ipse,
164 1314 223 1350 vel
244 1326 312 1362 per
343 1312 548 1354 ministros;
573 1315 661 1350 dum
682 1313 817 1350 Noster
839 1312 983 1351 dirimit
1005 1313 1066 1349 illa
1089 1313 1164 1350 duo
1197 1313 1363 1360 particip.
1388 1326 1486 1360 πςοΛ.
1519 1323 1561 1352 et

32 1367 116 1403 aas.
138 1377 204 1412 per
228 1363 427 1410 copulam,
452 1362 600 1410 proprie
628 1362 898 1404 omittendam,
933 1361 995 1399 sed
1016 1363 1055 1398 P.
1077 1361 1226 1409 suppiet
1255 1364 1415 1398 aiterum
1446 1376 1560 1411 pron.

32 1416 160 1456 αὖτὸς,
186 1412 234 1448 cf.
256 1425 290 1453 2,
317 1423 373 1455 ιο,
397 1421 475 1455 18.,
499 1412 541 1448 in
562 1413 691 1460 oppos.
712 1413 917 1460 oppressum
941 1413 990 1448 ob
1010 1412 1081 1448 iam
1101 1411 1327 1459 praecedens
1356 1417 1481 1457 αὐτῶν,
1508 1413 1562 1451 cf.

36 1474 73 1503 ι,
93 1474 128 1507 9,
156 1470 212 1503 18.
250 1474 284 1503 ι,
309 1474 342 1503 2,
366 1473 423 1497 ιο.
441 1474 497 1503 e.,
538 1461 599 1500 sed
628 1462 670 1498 in
690 1461 895 1499 formulam
926 1477 987 1509 Z?-
1015 1471 1123 1509 φαςμ.
1147 1461 1240 1498 Luc.
1267 1473 1300 1502 1,
1323 1465 1408 1509 646.
1442 1464 1467 1498 Ι.
1497 1474 1560 1512 34.

31 1524 101 1562 per
118 1511 262 1560 analog.
286 1511 424 1547 saltem.

78 1567 191 1608 ταύτῃ
209 1562 267 1608 γ.)
295 1559 490 1607 Opprimit
516 1574 551 1604 γ.
574 1561 637 1609 Bg.
661 1574 682 1598 e
708 1561 748 1597 Ρ.
763 1563 778 1602 ,’
800 1559 890 1607 (nisi
917 1559 979 1597 hic
998 1560 1100 1608 cepit
1127 1573 1192 1606 per
1217 1560 1324 1598 suum
1354 1573 1421 1609 que
1449 1561 1562 1603 sensu

34 1610 300 1652 continuandi,
325 1610 374 1645 cf.
390 1622 422 1650 ε,
439 1622 470 1651 ι,
493 1622 545 1652 15.
560 1635 570 1652 ,
601 1612 726 1647 valens
740 1610 801 1646 hic
820 1621 972 1658 quoque
991 1623 1060 1658 pro
1072 1611 1206 1658 igitur,
1231 1610 1279 1647 cf.
1301 1621 1335 1657 3,
1350 1621 1405 1656 13,
1424 1615 1497 1658 16.)
1519 1624 1562 1651 ee

33 1670 155 1708 aeque
177 1659 308 1700 libere,
335 1671 376 1694 ac
396 1658 461 1695 ille
481 1658 603 1695 reddit
626 1672 736 1706 pron.
758 1676 790 1695 τ.
805 1685 815 1700 ‚
841 1659 891 1695 cf.
914 1669 948 1704 3,
964 1671 995 1703 5,
1013 1672 1025 1695 1
1039 1673 1068 1696 1.
1104 1672 1135 1702 ι,
1152 1672 1258 1705 17‚9.
1275 1684 1285 1701 ,
1311 1659 1375 1709 sed
1393 1659 1560 1700 severius

36 1720 195 1758 quoque
215 1707 301 1743 Sch-
320 1707 410 1750 »ἧπ-
435 1710 618 1756 urgebant
637 1710 738 1744 iter“
760 1708 925 1744 variante
946 1711 1004 1757 Bg.
1028 1722 1097 1756 pro
1124 1718 1158 1754 3,
1175 1721 1229 1754 ις,
1255 1718 1307 1751 8.,
1334 1709 1397 1745 sed
1420 1711 1559 1750 Nostro

37 1758 226 1797 scribente
246 1756 292 1792 ad
318 1758 464 1803 analog.
487 1759 625 1798 modo,
653 1769 691 1793 et
712 1756 870 1793 maxime
896 1757 975 1793 Lat.
990 1784 1002 1801 ,
1029 1756 1079 1793 cf.
1099 1760 1146 1795 G.
1171 1760 1242 1796 Th.
1265 1771 1300 1796 v,
1322 1759 1397 1796 iter
1417 1772 1506 1798 cum
1521 1773 1562 1800 v·

34 1809 101 1856 Bg.
124 1817 163 1843 et
178 1816 396 1855 properare,
424 1806 464 1842 it.
485 1805 523 1841 in
543 1806 592 1853 sq.
615 1810 668 1845 ἁδ.
691 1818 775 1843 cum
799 1819 833 1842 v.
854 1813 889 1851 β.
904 1832 914 1846 ,
943 1806 990 1842 cf.
1010 1808 1061 1844 ib.
1085 1821 1118 1843 v.
1144 1818 1233 1845 tute.

87 1855 501 1901 ἕκάτερης-προςδοκῶν,
529 1860 558 1892 εἰ
575 1875 609 1883 —
631 1853 1059 1902 γένοιντω-διελὸμενσεῂ
1088 1857 1251 1895 Observa
1271 1857 1561 1900 inconstantiam

33 1904 247 1991 kriptoris.
272 1908 321 1951 τῷ
349 1904 509 1951 “nar-egee
537 1917 641 1941 nunc
668 1903 866 1954 finguiari‚
893 1917 996 1942 nunc
1023 1905 1157 1955 plurali
1186 1907 1390 1957 iungentis.
1443 1911 1503 1948 Sic
1522 1924 1561 1956 α,

38 1965 97 1998 12,
117 1958 152 1992 6.
220 1956 307 1990 eisn.

132 2003 195 2040 Cf.
218 2014 257 2040 et
279 2018 312 2047 ε,
339 2016 394 2045 12,
417 2016 474 2041 10.
504 2004 550 2041 de
571 2002 710 2051 synesi,
735 2015 829 2052 quae
855 2003 989 2043 iterum
1014 2006 1166 2053 copulat
1186 2005 1349 2046 diversos
1377 2018 1562 2048 numeros

36 2064 126 2091 eum
146 2053 218 2089 adi.
239 2053 290 2091 ἐκ.
309 2067 329 2089 e
343 2065 485 2109 genere
503 2053 797 2096 εοΗσᾶἰνοι-υιη,
825 2065 907 2092 cum
926 2068 964 2092 et
985 2056 1060 2093 duo
1079 2056 1150 2091 iam
1169 2055 1239 2093 [int
1255 2059 1403 2105 piures,
1430 2061 1563 2109 oppri-

36 2114 167 2140 mente
184 2103 226 2137 P.
245 2103 303 2138 adi
342 2103 392 2144 id,
415 2114 453 2138 et
483 2114 682 2139 numerum
709 2104 827 2139 libere
854 2103 892 2140 in
907 2120 964 2153 πρ.
995 2116 1188 2147 mutante,
1214 2107 1273 2142 sed
1302 2108 1477 2156 explente
1496 2112 1564 2159 Bg.

36 2164 150 2200 pron.
171 2151 293 2190 ἑαυτὸν
314 2150 470 2193 irerum,
497 2153 545 2189 cf.
566 2152 606 2188 in
626 2167 682 2198 πς.
708 2165 789 2189 cum
809 2152 881 2188 inf.
899 2154 966 2190 fut.
992 2168 1049 2202 ap.
1073 2157 1181 2190 Dem.
1203 2155 1283 2192 fine.
1311 2159 1389 2195 ind.
1412 2170 1473 2203 70,
1499 2172 1561 2205 14.

37 2213 103 2246 71,
123 2211 153 2248 3.
170 2213 246 2243 11.,
273 2202 437 2238 variante
462 2203 597 2238 Nostro
616 2212 699 2237 cum
721 2215 754 2242 2,
777 2217 812 2247 4,
838 2215 893 2245 17.
917 2208 949 2241 ἐν
975 2209 1074 2251 ἀδείᾳ
1094 2227 1125 2232 -
1155 2204 1368 2251 βιω’σεσ9αι,
1394 2220 1466 2254 pro
1481 2209 1563 2245 for-

36 2250 137 2288 mula
156 2263 223 2300 per
240 2249 317 2298 syn.
340 2251 421 2287 adv.
479 2253 574 2286 Tum
595 2253 655 2299 Bg.
677 2263 697 2286 e
721 2252 759 2289 Ρ.
776 2252 889 2288 modo
910 2254 950 2289 in
970 2261 1001 2291 εἰ
1031 2266 1095 2299 per
1115 2254 1193 2301 syn.
1216 2257 1271 2301 (in
1292 2257 1455 2294 notione
1477 2271 1561 2297 non

36 2298 289 2340 conditionis.
315 2300 377 2337 sed
399 2299 601 2347 temporis,
628 2312 694 2345 pro
717 2302 866 2349 quando
881 2301 904 2337 s.
925 2303 1136 2350 postquam,
1163 2316 1253 2350 quas
1277 2305 1457 2343 notiones
1478 2320 1562 2346 non

37 2348 221 2387 discernit
248 2359 288 2386 et
313 2349 448 2385 diserte
478 2348 625 2395 profert
646 2351 721 2397 Stp.
745 2351 818 2386 Th.
839 2361 878 2387 et
907 2354 947 2389 L.
969 2353 1056 2388 Ern-
1090 2365 1160 2388 nec
1190 2355 1314 2402 Hoog.
1346 2357 1443 2403 op..
1470 2357 1560 2407 Vig,

37 2410 110 2435 nec
128 2399 210 2435 lnd.
229 2399 382 2445 aliquis,
412 2399 471 2434 sed
496 2400 541 2435 G.
565 2399 638 2434 Th.
656 2410 688 2433 v.
705 2400 748 2446 st
763 2401 830 2437 Nr.
846 2405 897 2444 4.)
929 2414 966 2438 et
989 2401 1028 2438 in
1044 2418 1116 2446 γεν.
1139 2415 1224 2438 cum
1245 2416 1300 2450 pr.
1324 2407 1376 2447 ἐμ,
1402 2405 1450 2440 cf,
1475 2419 1508 2449 2,
1523 2420 1559 2450 ᾖ,

42 2459 122 2489 ιι.,
147 2460 227 2485 non
260 2448 346 2484 item
375 2448 413 2483 in
438 2459 582 2484 mutato
603 2449 759 2486 nomine
786 2450 898 2493 urbis,
931 2452 974 2487 cf
1000 2465 1034 2493 2,
1053 2466 1108 2496 14,
1135 2465 1188 2488 ιο.
1214 2463 1246 2498 3,
1268 2465 1319 2500 ¹3»
1345 2464 1398 2500 3..
1423 2467 1495 2491 nec
1517 2457 1560 2494 in

38 2496 159 2535 libere
185 2496 315 2533 addito
343 2499 446 2538 adv.‚
471 2497 516 2532 cf.
550 2506 582 2542 3,
610 2507 664 2543 ις,
687 2510 741 2541 ς..
768 2499 830 2535 sed
852 2501 984 2545 partim
1013 2501 1057 2536 ad
1088 2504 1138 2549 iq.
1171 2505 1274 2544 Bisa..
1306 2506 1398 2549 (pro
1421 2507 1560 2553 regiam

36 2547 178 2595 partiti
195 2546 219 2583 s.
242 2547 454 2593 dispertiti,
479 2547 521 2582 cf
546 2546 579 2595 §.
603 2559 655 2591 9.)
675 2559 712 2583 at
733 2549 815 2585 Sch.
838 2562 882 2584 ex
905 2549 969 2586 iiio
992 2550 1104 2598 magis
1128 2565 1259 2599 „quum
1281 2551 1480 2590 divififfenr
1504 2556 1583 2591 im·

39 2604 101 2632 ter
122 2595 160 2633 se
179 2596 343 2645 reginm“
368 2596 586 2632 conservata
609 2595 654 2632 iic
672 2597 834 2634 notione
852 2601 970 2642 med.‚
999 2612 1080 2636 cum
1099 2600 1163 2636 Gs.
1188 2602 1231 2637 ad
1251 2602 1335 2637 Luc
1355 2602 1560 2648 interdum,

38 2643 179 2681 it.1nd.
200 2647 308 2680 Dem.
324 2670 332 2683 .
362 2644 574 2681 tacentibus
594 2646 656 2682 iib.
679 2647 725 2683 de
747 2647 790 2683 V.
813 2648 932 2691 med.,
963 2661 1042 2685 non
1061 2649 1152 2685 item
1173 2652 1254 2697 δερ,
1272 2652 1345 2686 Th.
1370 2665 1496 2696 1‚192.
1510 2668 1567 2697 ew

36 2694 103 2740 qui
124 2707 164 2730 er
183 2693 336 2731 aiiunde
361 2705 469 2731 tenet
487 2695 566 2731 Lat.
585 2697 647 2743 Bg.
668 2710 689 2733 e
708 2697 745 2733 P.
770 2696 809 2733 in
840 2709 918 2734 πολ.
954 2708 988 2745 3,
1009 2709 1095 2742 480·
1119 2699 1164 2735 G.
1192 2700 1233 2737 it.
1259 2700 1298 2737 in
1317 2714 1424 2739 mar.
1454 2703 1502 2739 ib.
1524 2717 1562 2752 p.

35 2751 118 2793 352.
138 2744 180 2781 E.
201 2756 251 2780 m.
273 2755 359 2782 curn
376 2744 416 2780 Ρ.
437 2754 477 2782 et
497 2743 601 2781 simul
626 2745 764 2784 iterum
785 2758 872 2786 cum
898 2748 975 2786 Lat.
992 2746 1168 2799 spatiofus
1187 2751 1236 2787 D.
1258 2762 1332 2792 m.,
1358 2761 1403 2789 ut
1429 2753 1561 2802 iungat
