1717 3082
163 147 334 196 LIBER
349 147 404 192 11.
441 147 560 194 CAP.
581 149 629 194 X.
661 148 714 192 A.
734 146 788 190 V.
814 147 859 191 C.
885 148 991 205 946.
1023 146 1158 191 CHR.
1172 145 1235 190 N.
1262 158 1368 205 193.
1439 136 1528 201 3o1

0 296 9 326 f
69 264 356 336 gocnyolysro
379 262 552 318 αὐτούς.
621 261 772 332 οὶθξοί-
814 281 856 311 2.
907 267 1047 327 gebat.
1137 265 1341 314 Colleffis
1385 278 1535 315 autem

0 384 5 391 .
66 363 121 398 ας
152 337 202 391 δὲ
228 341 327 397 τούς
351 338 645 400 πανταχόθεν
666 358 769 407 ςξα-
805 342 1000 406 undique
1037 343 1274 399 militibus,
1335 361 1418 408 pro
1456 346 1536 390 Se·

0 458 3 464 .
58 415 201 475 ιῶτας,
229 417 359 466 durh
382 414 571 484 Σεβῆξου
598 415 643 464 τὲ
663 415 767 463 ἑαυ-
802 435 906 466 vero
958 419 997 466 se
1047 422 1317 465 Pertinacem
1361 436 1537 465 nuncu-

49 490 100 541 ἦν
115 494 366 562 Πεςτινακα.
389 489 615 556 ὀνομάσας
640 489 683 550 b,
722 487 768 556 (ὅ
802 511 911 560 pans
934 531 944 550 ,
1013 494 1154 558 (quod
1227 512 1319 542 non
1392 494 1533 543 solum

119 619 148 653 a)
174 617 239 648 MS.
261 615 317 648 Ba.
337 618 458 659 ηβιῗςον
473 616 508 645 τὶ
523 625 608 655 παρτ.
626 615 710 645 ieeur.
730 614 793 648 lm,
825 610 880 644 sed
909 614 973 644 MS.
992 613 1053 660 Vf'
1079 614 1200 654 Σεβίἱρόν
1224 624 1259 643 τε
1274 619 1364 653 neer-
1382 614 1430 650 ἢ,
1462 612 1533 644 alio

53 670 101 692 cc.
119 669 269 696 tantum,
299 669 333 694 v,
354 661 397 692 N.
471 660 502 696 b)
530 660 564 689 ln
586 661 648 690 Ms.
670 659 719 690 Ba.
743 657 826 697 signa
846 656 1046 698 parenthens
1067 668 1136 687 non
1156 657 1245 689 sunt.
1266 658 1372 690 Mart.
1405 668 1468 690 nec
1496 658 1532 690 in

64 727 74 737 .
98 714 173 736 cum
190 705 224 736 Β.
245 713 274 739 1.
292 703 349 736 sed
369 705 402 735 in
421 704 491 745 Stp.
511 704 574 735 rel.
594 703 770 734 necessario
789 703 833 734 ob
852 703 947 733 aliam
966 701 1252 738 construstionem,

43 803 328 851 ‚adiunxitstb1'‚
353 804 378 840 s.
402 803 575 852 pertraxit
595 804 632 840 in
655 802 730 840 suas
751 813 870 850 partes
886 810 969 837 eos“
995 802 1094 850 prius
1109 802 1202 839 eSb.
1226 802 1305 839 ind.
1319 828 1329 846 ‚
1355 803 1404 839 cf.
1426 816 1455 846 ι,
1473 816 1532 848 12,

58 883 66 891 .
88 866 132 890 m.
146 880 156 896 ,
187 864 336 889 tacente
356 854 416 889 hic
439 855 499 891 P..
531 853 597 901 qui
617 852 657 890 in
680 853 730 901 sq.
753 855 788 890 δὲ
809 851 942 889 iterum
962 852 1076 893 liber,
1101 864 1143 889 ut
1163 851 1296 889 Noster
1314 865 1394 889 non
1416 853 1533 890 variat

40 903 70 938 >u
89 919 122 939 r.
142 919 241 940 παντ.
263 918 313 949 ῖς.
343 914 427 939 cum
447 916 484 944 2,
508 911 540 945 8,
566 915 595 937 1.

79 956 151 988 ἀντὶ
176 953 267 997 See.)
291 953 442 998 Ineptae
464 950 600 988 librarii
620 949 808 987 cuiusdam
826 949 1008 986 sedulitati
1030 950 1220 987 tribuenda
1233 949 1284 986 est
1300 949 1390 986 haec
1409 949 1533 987 edito-

54 1013 115 1038 um
134 1000 265 1044 lestio,
301 1012 416 1048 quum
444 1001 604 1042 constet,
647 998 869 1046 Septimium
889 999 1015 1036 Severi
1041 1012 1178 1034 nomen
1206 1011 1284 1035 non
1313 999 1532 1045 deposuisse,

56 1061 146 1096 tque
165 1049 256 1085 adeo
277 1048 311 1086 se
333 1061 411 1086 non
430 1049 661 1085 Pertinacem
686 1060 754 1094 pro
774 1049 911 1084 Severo
931 1047 1109 1095 appellari
1131 1047 1294 1084 voluisse.
1346 1049 1440 1083 Vera
1462 1049 1534 1096 igi-

53 1111 94 1135 ur
111 1097 161 1135 est
181 1098 330 1134 Codicis
355 1098 450 1134 Ven.
472 1097 598 1139 lekh’o,
634 1103 773 1143 Σεβῆςον
789 1113 827 1133 τε
850 1103 1037 1142 fleg-timna
1059 1095 1180 1134 ἔαυτδν
1200 1096 1246 1135 σ’ν.
1307 1099 1533 1144 Qlanquam

55 1146 132 1182 nim
152 1145 285 1193 reliqui
304 1146 498 1194 scriptores
516 1158 686 1183 neutram
710 1146 839 1181 harum
864 1145 1065 1182 leciionum
1088 1147 1151 1181 suo
1174 1145 1384 1182 testimonio
1403 1156 1535 1192 aperte

51 1194 274 1237 onfirmenc‚
310 1196 388 1231 Ael.
412 1197 530 1242 Spart.
552 1208 582 1230 c.
602 1207 636 1238 7.
659 1200 706 1241 (e.
731 1207 762 1241 p.
777 1199 858 1230 602.
880 1197 929 1240 e.)
947 1193 986 1243 se
1003 1207 1135 1243 quoque
1155 1194 1383 1231 Pertinacem
1405 1195 1534 1231 vocari

37 1241 140 1290 'affin
168 1243 330 1291 quamvis
343 1243 458 1293 postea
477 1244 518 1279 id
531 1257 651 1280 nomen
673 1244 808 1279 aboleri
825 1246 1002 1285 voluerit,
1039 1248 1127 1280 Aur.
1151 1242 1245 1279 Via.
1267 1246 1329 1288 (de
1349 1246 1445 1279 Caes.
1475 1256 1535 1287 20,

33 1295 117 1338 ιο.)
129 1293 249 1339 horum
266 1293 408 1341 infinita
423 1295 527 1329 caede
535 1294 712 1330 crudelior
731 1292 882 1333 habitus,
908 1307 950 1328 ac
970 1305 1222 1343 cognomento
1241 1295 1430 1334 Pertinax,
1459 1294 1535 1330 Eu..

48 1354 127 1390 top.
144 1342 218 1384 ὣς,
241 1353 296 1384 10,
316 1343 382 1388 (4.)
402 1343 630 1378 Pertinacem
643 1343 682 1390 se
699 1343 875 1391 appellari
895 1344 1007 1377 voluit
1021 1369 1031 1386 ,
1066 1344 1105 1378 in
1132 1343 1291 1378 honorem
1316 1344 1389 1378 eius
1409 1343 1535 1379 Perti·

103 1391 150 1433 's,
182 1390 245 1439 qui
269 1405 294 1428 a
313 1389 594 1436 Iulianofueraet
613 1390 762 1437 occisus,
796 1390 992 1439 Xiphilino
1016 1403 1055 1428 et
1075 1391 1155 1429 Zos
1183 1392 1341 1428 omnino
1366 1393 1461 1429 nihil
1485 1390 1534 1428 de

27 1439 95 1476 isto
121 1438 345 1490 cognomine
365 1439 623 1478 afferentibus:
664 1451 789 1478 tamen
809 1454 856 1479 ex
882 1442 1043 1479 nummis
1070 1441 1231 1483 constat,
1268 1442 1534 1489 imperatorem

26 1489 250 1536 appellatum
273 1489 344 1526 esse
369 1492 543 1527 Severum
570 1490 809 1527 Pertinacem.
870 1491 994 1527 Plures
1015 1491 1138 1530 enim,
1175 1503 1259 1527 cum
1289 1491 1326 1527 in
1347 1492 1535 1527 Nummo-

27 1537 200 1587 phylacio
221 1536 444 1580 Christinae,
477 1551 554 1575 tum
575 1540 686 1576 etiam
710 1540 749 1576 in
776 1539 855 1577 aliis
885 1541 1016 1576 museis
1044 1540 1185 1578 exstant
1203 1539 1345 1576 nummi
1373 1541 1440 1575 hac
1465 1550 1532 1577 aut

27 1585 133 1624 iimili
156 1586 400 1635 inscriptione
417 1603 434 1623 z.
457 1590 659 1636 Imperator
678 1590 806 1626 Caesar
826 1589 959 1625 Lucius
971 1589 1172 1636 Septimius
1192 1588 1534 1627 Severusl'ertinax

25 1634 210 1685 Augustus
223 1662 234 1680 ,
262 1636 440 1675 mdic‘kum
460 1638 691 1684 Nummoph.
722 1640 813 1675 Tab.
826 1640 952 1674 XXIV.
974 1651 1011 1673 n.
1031 1652 1082 1684 ¹9·
1103 1652 1160 1676 22.
1176 1650 1215 1674 et
1234 1653 1290 1685 24·
1309 1640 1532 1676 Tab.XXV.

26 1697 67 1722 n.
84 1696 138 1721 12.
165 1694 219 1730 ις.
270 1685 493 1724 Recensetur
520 1699 671 1736 quoque
694 1686 732 1723 in
754 1688 878 1724 museo
900 1688 1164 1734 Theupoliano
1187 1700 1221 1734 p.
1243 1700 1326 1733 944.
1357 1701 1534 1724 nummus

26 1732 323 1777 Perinthiorum‚
373 1735 414 1772 in
457 1735 585 1772 Severi
627 1737 810 1772 honorem
854 1737 979 1776 cusus,
1029 1749 1113 1772 cum
1157 1738 1223 1773 Gr.
1269 1736 1533 1784 inscriptione:

25 1787 265 1829 ΑτΤοκράτ-ως
286 1788 418 1829 Καῖσαρ
437 1790 575 1826 Λούκιος
594 1786 789 1829 Cari-ripuar
802 1786 1032 1822 CEOTHPOC
1051 1789 1223 1830 Περτὶνκξ.
1275 1786 1406 1822 Eadem
1428 1799 1535 1834 repe·

24 1832 121 1870 titur
141 1830 180 1868 in
201 1832 336 1868 ultimo
355 1834 521 1870 Nummo
540 1834 773 1880 Nummoph.
793 1834 921 1870 Christ.
947 1835 1011 1881 qui
1040 1834 1089 1870 est
1107 1837 1386 1880 Abydenorum.
1442 1837 1537 1873 Cae-

25 1892 170 1920 terum,
195 1881 298 1928 quod
321 1881 537 1927 Spartianus
558 1881 630 1925 ait,
661 1884 837 1919 Severum
862 1882 980 1928 postea
1005 1883 1204 1920 Pertinacis
1222 1896 1362 1920 nomen
1390 1885 1536 1922 aboleri

24 1928 199 1970 voluisse,
223 1929 340 1965 refelli
380 1930 527 1967 videtur
555 1943 599 1966 ex
623 1943 801 1972 numm0,
835 1932 1053 1969 Tribunicia
1083 1931 1266 1969 potestate
1289 1935 1352 1969 XI!
1377 1934 1533 1972 demum

26 1977 137 2020 cuso,
161 1977 201 2013 in
218 1990 294 2025 quo
315 1977 405 2016 illud
424 1990 546 2016 tamen
568 1981 689 2017 exstat.
734 1980 794 2018 Sic
805 1982 904 2018 enim
925 1980 1156 2019 inscribitur:
1183 1983 1338 2019 Severus
1350 1983 1436 2019 l’ius
1446 1984 1534 2021 Per-

26 2027 131 2065 tinax
153 2026 329 2063 Pontifex
347 2027 529 2064 Maximus
549 2029 653 2064 Trib.
678 2031 715 2065 Ρ.
733 2031 810 2066 ΧΗ.
833 2032 969 2067 Stroth.

123 2075 219 2111 Cum
239 2087 260 2110 e
281 2076 321 2112 Ρ.
340 2075 436 2113 nibil
456 2078 543 2113 certi
564 2076 737 2121 definias,
762 2079 822 2117 fed
835 2083 897 2129 Bg.
916 2091 999 2114 cum
1020 2077 1099 2115 aliis
1121 2079 1288 2116 tolerarit
1304 2080 1424 2129 vulg.,
1449 2093 1534 2120 tum

28 2125 122 2162 Mss.
140 2122 252 2159 nostri
273 2122 344 2162 lint
364 2125 515 2172 suspeffi
536 2126 582 2164 de
599 2128 719 2176 glossa,
749 2129 859 2165 leflio
872 2140 1102 2165 autemnova
1116 2129 1319 2166 violentior
1337 2129 1392 2172 fir,
1411 2131 1533 2169 eiesto

27 2177 127 2227 ἄντι)
162 2181 227 2209 aut
252 2173 374 2220 elapso
405 2174 477 2211 hoc
504 2177 551 2213 ob
573 2190 627 2224 pr.
657 2194 746 2219 ωτας
776 2178 938 2215 litteras:
983 2178 1293 2225 interpretatione
1322 2180 1535 2219 iuvabimue

27 2220 227 2258 lestionem
248 2221 345 2271 vulg.
367 2222 456 2265 hac,
487 2235 551 2267 ut,
575 2227 660 2261 loco
681 2226 792 2263 solius
811 2227 867 2264 sui
889 2225 1055 2263 nominis
1069 2251 1080 2267 ‚
1105 2228 1217 2263 etiarn
1235 2227 1536 2267 fimulnominart'

27 2270 67 2307 se
93 2268 228 2317 iufflrie
255 2270 504 2315 Pertinacem
538 2273 629 2311 ficut
654 2288 682 2316 1,
706 2288 762 2321 14,
787 2289 839 2321 ¹5-
859 2291 891 2313 e.
921 2278 1055 2312 eodem
1080 2275 1186 2312 sensu
1213 2291 1231 2313 a
1252 2279 1385 2314 Nostro
1415 2280 1534 2319 difflue

27 2319 282 2361 Commodus,
316 2325 390 2358 ἀντὶ
410 2329 517 2366 Kome.
535 2322 590 2366 not?
608 2334 698 2369 Μαρ.
719 2327 809 2369 υἱοῦ,
841 2324 1012 2371 τΗρακλέα
1030 2330 1069 2361 τὲ
1089 2325 1143 2366 mvi
1164 2326 1242 2368 Διδς
1263 2326 1331 2364 υἱδν
1349 2326 1455 2367 adrev
1476 2344 1533 2367 κε-

27 2369 144 2422 λεᾷσσω
166 2371 366 2410 καλεῖσθαι,
397 2383 497 2414 non,
529 2384 606 2419 quo
627 2373 736 2420 plane
763 2374 976 2412 abstinuerit
1000 2376 1231 2411 Commodus
1251 2375 1434 2422 prioribus
1459 2391 1532 2414 no-

27 2417 214 2472 minibus,
242 2415 302 2453 sed
322 2420 426 2472 quod
443 2419 706 2459 addideritillis
718 2424 895 2471 postrema
909 2450 919 2466 ,
943 2435 1008 2460 aut
1027 2423 1215 2460 interdum
1230 2426 1357 2470 potius
1376 2424 1432 2461 his
1443 2427 1535 2463 usus

0 2513 1 2517 Ἰ
28 2465 166 2519 fuerit,
196 2477 303 2520 quam
325 2467 422 2509 illis;
458 2480 500 2506 ut
518 2469 618 2506 forte
636 2469 802 2515 finxeris,
827 2473 938 2509 etiam
957 2475 1136 2508 Severum
1159 2473 1335 2509 libentius
1346 2474 1533 2522 usurpasse

0 2528 1 2531 ¹
27 2514 232 2570 pertinacis
260 2527 491 2564 cognomen,
535 2530 642 2566 quam
668 2521 792 2562 suum.
827 2533 868 2558 et
896 2522 1042 2562 iuffiffe,
1084 2520 1119 2557 se
1142 2522 1373 2558 Pertinacem
1402 2525 1533 2571 potius

28 2562 216 2600 mterdum
235 2565 492 2610 appellandum
507 2593 518 2607 ,
554 2568 591 2604 in
613 2570 738 2613 primis
758 2584 858 2607 nunc
875 2582 914 2608 et
931 2572 974 2607 ab
997 2570 1105 2605 initio
1120 2596 1131 2612 ,
1158 2572 1206 2606 ob
1225 2571 1381 2611 causam,
1409 2587 1426 2609 a
1448 2575 1533 2611 No-

28 2611 100 2648 stro
121 2611 311 2649 subiestam
325 2638 337 2655 ,
367 2626 412 2651 ut
439 2628 484 2650 eo
502 2617 658 2654 nornine
686 2619 844 2666 placeret
865 2633 904 2655 ac
924 2621 958 2656 se
979 2621 1256 2656 commendaret
1277 2621 1410 2669 magis;
1446 2635 1530 2661 cum

28 2672 104 2715 que
122 2660 466 2715 Noster-tradiderit
484 2666 659 2711 quaedam
682 2681 723 2704 ac
741 2668 934 2716 cognorit,
962 2667 1040 2704 aliis
1060 2680 1129 2703 nec
1153 2670 1299 2711 tradita,
1325 2671 1536 2719 etignota:

27 2720 139 2745 eruam
161 2714 283 2764 levere
305 2711 422 2748 sumas
439 2716 566 2756 verba,
601 2718 685 2751 loco
708 2718 874 2754 nominis
897 2717 1020 2754 Severi
1042 2715 1241 2753 adhibuisse
1261 2730 1400 2756 nomen
1416 2723 1532 2760 Perti-

24 2758 147 2801 nacis,
179 2757 254 2796 scil.
277 2770 367 2797 tunc
386 2771 426 2798 et
443 2763 486 2800 ab
504 2762 639 2807 initio,
675 2770 779 2804 etad
800 2778 970 2815 tempus;
1004 2764 1175 2814 qualibus
1194 2766 1464 2816 supplementis
1492 2783 1532 2809 er.
