1722 3086
118 85 148 131 9
159 85 184 119 2
197 87 225 120 2
298 74 472 123 LIBER
485 74 566 123 IV.
592 75 847 124 CARVIII.
869 78 924 128 A.
938 78 996 126 V.
1010 79 1061 128 C.
1078 79 1144 139 96
1156 84 1201 131 8.
1225 83 1367 132 CHR.
1378 84 1447 133 N.
1464 96 1490 131 2
1505 96 1527 130 1
1542 86 1593 144 5².

113 188 223 240 κλᾶν
243 200 259 225 r
281 211 396 252 τινα,
429 191 610 249 ἐποίησέ
631 213 671 242 τι
695 194 877 243 τοιοῦτο.
915 199 1230 250 huiuscemodi
1263 203 1493 270 quidpiam
1524 205 1653 255 fecit:

113 265 162 324 ἦν
187 268 313 333 αὐτῷ
350 289 415 323 τις
439 269 523 318 τῶν
554 268 879 340 ἀπελευθέρων
924 291 942 321 1
964 291 1006 326 1.
1047 281 1155 326 Erat
1189 281 1231 326 ei
1257 281 1440 344 quidam
1470 281 1653 331 liberto·

110 343 343 408 φίλτατος
377 344 412 406 s,
452 344 599 401 Φῆςός
633 355 648 381 t
678 346 763 414 μὲνΔ
798 343 880 396 3ch-
915 371 1020 401 rum
1042 357 1248 403 omniurn
1271 355 1526 416 cariffirnus,
1565 362 1652 406 Fe-

61 491 64 493 *
107 440 206 488 μοι,
242 419 321 476 τῆς
351 416 403 471 δὲ
435 420 674 483 βασιλείου
703 421 875 491 μνήμης
913 428 1002 478 stus
1034 434 1245 491 nomine,
1283 433 1405 480 idem
1436 450 1526 500 que
1557 444 1651 483 erat

104 583 110 589 ι
199 549 231 585 r)
257 545 325 581 MS.
346 546 400 577 Ba.
427 548 597 592 πάτςοκλον
615 552 704 585 τινὰ,
731 557 771 580 ut
793 555 826 593 3,
848 558 902 586 12,
927 556 981 592 14.
999 550 1045 587 i.,
1071 559 1105 583 at
1124 551 1157 584 in
1188 550 1234 593 sq.
1253 554 1388 588 ἔποίηςέν
1410 566 1442 586 τι
1468 565 1552 592 van,
1577 562 1650 586 non

103 590 217 624 ‘modo
241 601 302 634 per
321 590 577 625 inconstantiam
605 604 682 626 cum
708 604 851 626 accentu
870 594 982 627 rursus
1003 596 1194 634 reclinato,
1217 596 1272 630 sed
1295 608 1435 641 quoque
1464 609 1526 642 pet
1553 612 1568 631 ν
1594 601 1647 638 ἐφ.

107 646 190 668 ante
212 636 481 674 consonantem,
505 639 550 670 cf.
571 649 606 684 4,
627 648 659 679 1,
674 647 706 685 3.
725 650 771 673 m.
839 639 873 681 s)
900 640 1015 675 Coton
1045 640 1080 675 in
1108 643 1177 676 Ms.
1197 643 1254 676 Ba.
1346 647 1372 684 t)
1397 644 1463 677 Ms.
1482 646 1538 677 Ba.
1558 648 1649 684 φίῐςος

103 683 200 721 ’,ὄνομα
219 687 286 723 μὶν.
306 685 359 719 τῆς
374 690 406 714 λ.
432 693 468 716 ν.
494 684 542 717 Ν.

101 761 224 802 habet
241 761 383 800 advers,
408 765 467 802 δὲ,
495 762 544 801 cf.
571 765 743 814 proxime
763 780 800 810 4,
817 778 855 812 7,
879 777 910 814 3.
941 772 976 808 6.
999 780 1085 812 12.‚
1109 769 1156 808 ad
1181 781 1275 818 quae
1296 762 1470 808 librar-ine
1495 771 1569 808 Ms.
1590 781 1650 807 re·

104 811 282 860 spexerit,
303 825 388 850 cum
413 814 478 850 rel.
493 815 585 852 Mss.
598 829 776 854 maneant
796 817 837 855 in
847 819 948 868 vulg.
962 819 1113 867 copula,
1136 822 1248 857 talem
1264 832 1336 869 que
1349 820 1429 857 Lat.
1443 818 1649 857 adhibeant

103 874 267 912 quoque
279 875 364 900 cum
384 862 512 906 altera,
538 879 572 901 v.
584 879 614 903 c.
625 880 690 915 que
710 868 835 911 etiam,
853 868 1077 912 it.etetiam‚
1095 869 1138 906 it.
1155 880 1191 906 et
1203 882 1348 920 quoque,
1366 870 1414 906 cf.
1426 870 1519 907 Hor.
1531 870 1647 906 Turs.

103 924 146 969 g).
166 919 250 951 280.
275 914 345 950 Nr.
373 925 427 957 ις.
450 914 500 964 sq.
522 924 605 956 288.
633 930 666 955 e.
686 925 770 963 851.
790 931 824 956 e.
886 920 957 956 Per
976 918 1013 956 se
1042 919 1196 968 quidem
1223 920 1330 968 saepe
1355 919 1532 958 confusae
1560 918 1648 957 sunt

104 962 196 1000 lstae
221 975 336 1000 voces
371 964 490 1006 duae,
526 976 564 1002 et
592 965 700 1015 supra
728 980 880 1018 quoque
908 975 948 1008 τὲ
975 969 1016 1006 in
1043 974 1080 1009 δὲ
1107 981 1295 1007 tentatum
1314 983 1334 1008 a
1359 970 1458 1012 Ms..
1492 968 1574 1006 aliis
1604 969 1647 1007 in

104 1010 243 1054 caufis,
268 1012 316 1048 cf.
337 1026 372 1058 4,
393 1025 429 1056 7,
452 1028 484 1050 2.
506 1027 537 1051 e.
551 1042 562 1057 ‚
589 1018 627 1053 P.
646 1016 844 1055 deserente
873 1023 934 1069 ssg.
957 1030 1041 1056 tum
1059 1019 1102 1057 in
1124 1018 1278 1056 servaris
1299 1025 1386 1059 ἐποι.
1410 1027 1444 1058 λ.
1463 1032 1533 1056 nec
1554 1030 1647 1073 con-

102 1062 230 1100 traffls
258 1062 436 1109 periodis,
463 1075 543 1101 tum
572 1065 613 1103 in
637 1066 766 1105 severo
796 1069 841 1104 ad
860 1072 963 1116 ξηαπ,
991 1071 1036 1107 ad
1068 1082 1181 1119 quam
1209 1071 1288 1107 Lat.
1316 1069 1466 1118 analog.
1489 1081 1552 1106 aut
1580 1069 1646 1106 alx-

97 1124 221 1160 quam
233 1113 299 1149 Gr.
321 1112 390 1159 (cf.
412 1115 533 1153 Schw.
556 1117 597 1153 L.
611 1116 708 1154 Ν.Τ.
721 1129 757 1166 p.
771 1122 856 1165 634.
870 1121 919 1156 N.
935 1131 968 1167 3.
983 1121 1094 1158 Dein.
1110 1124 1231 1166 31,3.)
1257 1119 1391 1157 Noster
1412 1119 1474 1155 hic
1494 1117 1646 1166 scripse-

99 1161 157 1198 xit
173 1161 216 1199 in
240 1175 273 1199 v.
294 1174 380 1198 cum
401 1176 477 1201 acc.
501 1165 618 1213 pers„
644 1179 716 1214 pro
745 1171 902 1216 cupiens
924 1171 1061 1207 habere
1085 1168 1261 1219 aliquem,
1288 1182 1415 1218 quem,
1446 1178 1490 1206 ut
1516 1170 1645 1206 Patro-

101 1211 206 1248 clum
239 1214 434 1262 quondam
465 1215 653 1259 Achilles,
680 1216 854 1265 sepeliret
877 1232 919 1256 ac
941 1220 1098 1258 coleret.
1151 1221 1224 1256 Sed
1252 1219 1396 1257 Stroth.
1415 1217 1457 1257 in'
1483 1219 1533 1256 N.
1554 1219 1645 1256 Chr.

97 1262 185 1312 Post
201 1272 312 1309 nxz-e.
332 1280 408 1301 τινα
436 1275 510 1304 „ut
531 1265 571 1302 in
593 1279 639 1304 eo
661 1279 818 1315 quoque
838 1269 976 1307 Achilli
997 1269 1126 1307 fimilis
1152 1270 1283 1307 effers(

155 1308 192 1356 ἧν
212 1314 320 1359 αὐτῷ)
349 1316 413 1361 ssg.
433 1326 455 1350 e
477 1314 515 1350 1².
536 1327 684 1354 tantum
705 1316 867 1355 servavit
885 1320 956 1357 adi.
975 1326 1108 1359 πάντων
1128 1320 1171 1357 ad
1191 1320 1366 1368 superlat.
1380 1343 1392 1361 ‚
1419 1317 1459 1356 In
1483 1315 1547 1355 suo
1565 1317 1643 1354 Ms-

99 1361 321 1400 hauddubie
340 1375 422 1399 non
453 1362 531 1411 ipse
562 1366 785 1415 negligens,
811 1381 910 1417 quae
932 1370 1055 1417 reperi
1085 1369 1190 1407 simul
1218 1368 1344 1405 omiffa
1360 1367 1432 1406 tria
1459 1377 1501 1405 Φ.
1519 1383 1557 1412 μ.
1580 1366 1643 1410 ὄν..

97 1423 208 1449 certe
226 1425 308 1449 non
329 1413 408 1449 duo
428 1423 510 1455 mur.
532 1427 570 1453 et
590 1415 662 1457 δικ,
687 1416 748 1453 sed
769 1417 869 1456 forte
890 1419 1108 1466 particulam
1125 1425 1184 1465 μὲν
1201 1429 1374 1467 quoque,
1396 1428 1441 1455 ut
1460 1418 1521 1459 Ρη
1553 1416 1642 1464 (1ὓὶ3

96 1462 265 1501 zelatum
294 1465 331 1502 δὲ
355 1462 429 1500 alio
457 1463 632 1507 detorsit,
664 1466 780 1502 etad
808 1467 914 1516 prius
945 1469 1154 1507 membrum
1182 1476 1233 1511 τὶς
1260 1488 1299 1495 —·
1322 1478 1442 1513 φιλτ..
1480 1464 1642 1504 reddens

95 1512 202 1550 adeo
232 1510 459 1561 dupiicker,
487 1527 554 1562 per
581 1516 757 1563 copulam
783 1528 823 1554 et
844 1517 948 1556 simul
971 1530 1036 1566 per
1057 1531 1193 1567 pron.⁸
1224 1530 1301 1566 quo
1323 1518 1370 1554 de
1393 1516 1444 1553 cf.
1458 1517 1510 1554 N.
1528 1513 1579 1563 sq.
1600 1526 1641 1554 et

99 1561 152 1600 ad
177 1575 209 1606 1,
235 1575 291 1608 ¹4·
314 1575 347 1606 4.
367 1576 424 1605 e.,
451 1574 491 1601 et
517 1564 643 1602 forsan
664 1565 706 1602 in
725 1568 936 1614 parenthefi
957 1570 1109 1606 sumens
1127 1578 1166 1606 Φ.
1187 1584 1223 1612 μ.
1248 1567 1293 1604 ἐν.
1315 1577 1355 1603 et
1374 1577 1556 1615 tanquam
1577 1570 1639 1611 μὲν

97 1612 214 1651 :staret
233 1611 462 1656 solitarium,
489 1626 575 1652 cum
595 1627 715 1663 aeque
733 1616 777 1652 ad
800 1616 836 1655 se
857 1617 986 1655 referri
1007 1629 1150 1665 queant
1174 1623 1233 1662 μὲν
1255 1627 1294 1653 et
1320 1620 1356 1655 δὲ
1378 1617 1455 1654 duo
1477 1627 1552 1664 que
1571 1628 1643 1671 po-

99 1661 235 1701 strenia
251 1663 342 1700 haec
361 1664 551 1707 membra,
577 1675 623 1702 ut
655 1666 858 1712 pendentia
879 1680 900 1704 a
927 1681 980 1717 pr.
1004 1666 1043 1713 ἦν
1060 1688 1098 1695 -
1120 1679 1238 1714 φι).τ.,
1266 1665 1314 1704 cf.
1340 1678 1371 1708 1,
1391 1675 1426 1709 8,
1452 1677 1506 1702 11.
1535 1675 1577 1702 et
1596 1676 1640 1705 ιιι

96 1723 365 1762 paupertatem
387 1715 468 1761 Srp'.
488 1714 563 1751 Th.
581 1728 615 1754 v,
637 1720 742 1755 ἂπελ.
758 1719 833 1765 (ap.
861 1719 908 1754 G.
930 1718 1005 1757 Th.
1025 1717 1066 1756 in
1088 1719 1151 1767 Bg.
1175 1729 1196 1754 e
1219 1718 1273 1762 P.)
1302 1727 1448 1764 praeter
1465 1715 1505 1752 L.
1524 1715 1574 1752 N.
1586 1714 1640 1752 T.

89 1762 210 1807 ,Suid.
237 1768 254 1800 ὁ
283 1765 547 1809 ἐλευθερωθεὶς,
570 1766 751 1803 Ammon.
783 1780 817 1814 p.
840 1780 900 1807 20.
930 1781 979 1806 m.
1010 1769 1168 1807 Munth.
1202 1779 1237 1815 p.
1259 1776 1340 1813 325.
1371 1779 1421 1806 m.
1452 1764 1529 1802 fine
1555 1764 1640 1821 ind.

49 1815 51 1820 '
97 1812 221 1851 Diod.
239 1813 275 1849 S.
300 1825 336 1854 2,
357 1824 442 1861 43²·
469 1814 493 1850 l.
513 1826 570 1861 24.
589 1815 651 1852 cui
672 1817 768 1857 adde
785 1830 821 1863 p.
844 1830 897 1865 pr.
924 1819 949 1855 l.
968 1832 1005 1865 4.
1036 1818 1114 1856 lnd.
1137 1818 1198 1853 Sb.
1225 1815 1313 1863 (ubi
1333 1826 1373 1853 et
1397 1828 1465 1864 per
1486 1815 1567 1852 Lat.
1592 1815 1641 1854 Ιι-

99 1864 299 1908 bertinus.)
325 1862 446 1901 Dion.
475 1866 524 1902 H.
545 1866 582 1901 S.
601 1866 650 1905 T.
674 1879 705 1904 1.
729 1868 818 1907 Luc.
846 1868 911 1906 Rs.
937 1870 1004 1906 Or.
1023 1869 1069 1907 V.
1090 1882 1126 1915 4.
1152 1879 1187 1911 7.
1217 1867 1261 1903 Is.
1280 1877 1319 1903 et
1343 1865 1384 1902 in
1399 1864 1508 1922 subst.
1527 1864 1639 1902 affine

94 1913 214 1950 Dem.
257 1911 332 1951 Sed
352 1915 424 1952 Ms.
441 1913 534 1952 alius
551 1916 662 1958 ordo,
685 1928 902 1965 quanquam
919 1918 1083 1961 laevior,
1109 1928 1235 1956 tamen
1258 1928 1278 1952 a
1297 1915 1449 1952 librario
1470 1913 1532 1958 est»
1550 1927 1638 1954 cum

94 1963 194 2003 Mss.
214 1964 281 2001 rel.
305 1976 484 2001 maneant
504 1965 545 2002 in
567 1967 693 2015 vulg„
723 1966 789 2016 qui
809 1978 850 2004 et
871 1969 1030 2006 habetur
1054 1979 1087 2012 7,
1109 1980 1143 2012 ς,
1166 1977 1200 2013 3·

148 2021 213 2057 τῆς
236 2034 274 2042 --
294 2020 376 2061 βασ.
395 2032 447 2060 uu.
468 2018 543 2062 πρ.)
568 2028 602 2052 ν.
628 2018 675 2054 de
695 2016 731 2054 h.
751 2018 779 2054 l.
806 2017 959 2056 Reines.
979 2017 1169 2059 1nscr.V1,
1187 2026 1240 2064 13.
1259 2015 1376 2057 Leisn.
1398 2014 1528 2071 Pol-et
1542 2014 1637 2052 Bud.

91 2064 263 2116 principi
289 2075 309 2099 a
330 2066 526 2103 memoria.-
573 2066 859 2116 Dethardingus
888 2068 1096 2116 prudenter
1116 2079 1197 2104 non
1228 2065 1421 2113 expxeffir,
1447 2078 1472 2102 1.
1493 2078 1526 2102 e.
1551 2065 1637 2101 Ma'-

90 2114 212 2166 gister
241 2118 452 2158 memoriae,
494 2129 589 2167 quae
620 2116 783 2167 dignitas
814 2119 914 2155 inter
946 2119 1104 2155 maiores
1132 2116 1326 2154 referenda
1359 2114 1430 2172 5st3
1471 2127 1637 2163 namque

96 2178 144 2202 ex
163 2166 286 2204 Amm.
313 2167 425 2204 Marc.
455 2167 481 2203 1.
510 2180 569 2212 27.
597 2180 633 2214 p.
654 2171 736 2215 366.
764 2167 971 2206 Lindenbr.
1001 2167 1088 2215 (ed.
1110 2167 1196 2203 Ern.
1228 2177 1287 2210 27.
1309 2168 1343 2202 6.
1363 2178 1385 2201 ι.
1415 2176 1456 2220 p.
1479 2173 1561 2211 397.
1580 2166 1635 2209 e.)

88 2211 225 2266 Patet,
253 2229 335 2253 eam
366 2218 425 2254 vel
446 2217 666 2255 hominibus
687 2218 810 2261 datam
840 2217 1033 2267 effe‚·qui
1065 2216 1138 2255 iam
1169 2213 1424 2270 proconsulari
1452 2213 1635 2271 potest-ate
1689 2225 1692 2228 ’

93 2265 311 2314 provincias
330 2265 687 2308 administraverant.
742 2270 871 2307 Plures
892 2279 1018 2306 autem
1037 2279 1117 2304 uno
1139 2277 1309 2313 tempore
1329 2264 1441 2320 huius
1468 2266 1632 2319 dignita-

94 2313 146 2352 tis
171 2314 349 2358 exrififfe,
378 2329 421 2352 ex
441 2317 577 2357 eodem
598 2331 634 2366 p.
657 2322 740 2365 368.
761 2319 864 2366 (Ern.
885 2331 922 2366 p.
941 2330 1028 2364 400.
1047 2316 1089 2363 i.)
1119 2325 1291 2370 apparet3
1318 2315 1381 2351 ubi
1401 2314 1631 2362 Eupraxium

93 2377 138 2402 ea
158 2365 378 2413 tempestate
401 2367 612 2411 magistrum
632 2368 836 2406 memoriae
867 2368 1057 2416 appellat,
1083 2366 1151 2414 qui
1181 2366 1406 2402 Gratianum
1421 2363 1631 2421 Augustum

93 2415 285 2453 declarans
314 2412 518 2454 exclamat:
542 2418 746 2467 familiam*
763 2417 937 2455 Gratiani
961 2419 1023 2455 hoe
1051 2417 1196 2454 msreri.
1248 2414 1322 2452 Sed
1351 2425 1422 2462 pro
1449 2413 1631 2454 Granani

92 2465 246 2506 mallem
271 2467 529 2503 W.²e72ti71iani.
581 2467 695 2506 Libro
723 2479 781 2512 29.
810 2480 845 2516 p.
866 2480 950 2512 422.
978 2468 1091 2514 (ΕΠ).
1116 2477 1176 2510 29,
1196 2478 1227 2501 2.
1250 2477 1283 2510 p.
1300 2475 1381 2511 457·
1403 2465 1471 2519 φ.)
1501 2474 1627 2518 autem

92 2516 142 2553 de
161 2514 309 2553 Festino
327 2516 564 2554 Tridentino
593 2529 743 2559 narrat,
766 2528 855 2553 eum
882 2516 1140 2568 adminzstrata
1168 2515 1299 2563 Syria,
1329 2513 1538 2562 m³g¹ster¹0
1561 2525 1627 2561 ‘lue

88 2565 299 2606 memoriae
316 2568 460 2613 perac'i'o
474 2593 484 2609 ,
512 2579 638 2615 regere
655 2568 777 2614 Afiam
789 2567 1034 2616 proconsulari
1047 2565 1221 2616 potestate
1240 2563 1400 2610 exorsum
1419 2562 1494 2612 ejffl’·
1520 2561 1626 2620 Idem

89 2616 117 2652 Ῐ·
144 2627 200 2659 15.
228 2628 339 2663 [³042.
363 2616 473 2660 (Ern.
499 2629 552 2663 15,
583 2629 615 2662 ς.
645 2628 755 2665 p.45.
775 2618 827 2664 c.)
856 2617 903 2654 de
927 2617 1083 2654 Aedefio
1109 2628 1154 2651 ex
1171 2636 1208 2642 —-
1225 2613 1406 2670 ⁴magistro
1434 2624 1625 2649 memorzae

90 2676 215 2703 narrat
229 2689 240 2707 ‚
268 2676 353 2701 eum
376 2664 420 2701 ad
444 2666 691 2704 Consulatum
712 2666 951 2716 subrogatum
969 2666 1052 2705 esl'e.
1103 2666 1235 2702 Graeci
1257 2663 1344 2699 alias
1365 2674 1519 2718 quoque
1539 2663 1626 2698 Ma-

86 2715 201 2770 gtstri
230 2726 384 2756 vocem,
414 2720 575 2759 ἔτιςάτης
597 2727 635 2754 et
662 2714 813 2764 organale
844 2716 1002 2753 reddere
1026 2714 1163 2753 solent.
1200 2711 1395 2769 ‚Officium
1419 2724 1499 2767 estis
1520 2723 1627 2759 prae-

89 2765 218 2811 sertim
237 2777 284 2806 eo
304 2764 596 2811 continebatur,
630 2776 675 2808 ut
702 2777 799 2815 quae
825 2766 1073 2817 imperatores
1108 2763 1155 2806 ad
1183 2762 1334 2803 libellos
1361 2761 1545 2812 supplices
1569 2773 1627 2799 re·
