<?xml version="1.0" encoding="UTF-8"?>
<!DOCTYPE html PUBLIC "-//W3C//DTD XHTML 1.0 Transitional//EN"
    "http://www.w3.org/TR/xhtml1/DTD/xhtml1-transitional.dtd">
<html xmlns="http://www.w3.org/1999/xhtml" xml:lang="en" lang="en">
 <head>
  <title>
</title>
<meta http-equiv="Content-Type" content="text/html;charset=utf-8" />
  <meta name='ocr-system' content='tesseract 3.04.00' />
  <meta name='ocr-capabilities' content='ocr_page ocr_carea ocr_par ocr_line ocrx_word'/>
</head>
<body>
  <div class='ocr_page' id='page_1' title='image "./historiarumlibri02hero/historiarumlibri02hero_1074.png"; bbox 0 0 1722 3086; ppageno 0'>
   <div class='ocr_carea' id='block_1_1' title="bbox 127 20 1682 95">
    <p class='ocr_par' dir='ltr' id='par_1_1' title="bbox 127 20 1682 95">
     <span class='ocr_line' id='line_1_1' title="bbox 127 20 1682 95; baseline 0.003 -18"><span class='ocrx_word' id='word_1_1' title='bbox 127 35 263 79; x_wconf 77' lang='lat'>&#39;1000</span> <span class='ocrx_word' id='word_1_2' title='bbox 331 29 509 79; x_wconf 69' lang='lat' dir='ltr'>mmm</span> <span class='ocrx_word' id='word_1_3' title='bbox 528 29 605 80; x_wconf 75' lang='lat' dir='ltr'>xv,</span> <span class='ocrx_word' id='word_1_4' title='bbox 628 30 757 79; x_wconf 79' lang='lat' dir='ltr'>CAP.</span> <span class='ocrx_word' id='word_1_5' title='bbox 773 30 877 78; x_wconf 69' lang='grc' dir='ltr'><strong>ΧΠ.</strong></span> <span class='ocrx_word' id='word_1_6' title='bbox 901 30 956 79; x_wconf 79' lang='grc' dir='ltr'><strong>Α.</strong></span> <span class='ocrx_word' id='word_1_7' title='bbox 971 31 1029 80; x_wconf 85' lang='lat' dir='ltr'>v.</span> <span class='ocrx_word' id='word_1_8' title='bbox 1049 29 1100 80; x_wconf 89' lang='lat' dir='ltr'>c.</span> <span class='ocrx_word' id='word_1_9' title='bbox 1122 44 1237 95; x_wconf 86' lang='lat'>970.</span> <span class='ocrx_word' id='word_1_10' title='bbox 1271 30 1490 82; x_wconf 60' lang='lat' dir='ltr'>CHRN.</span> <span class='ocrx_word' id='word_1_11' title='bbox 1505 20 1620 94; x_wconf 77' lang='lat'>2‘17.</span> <span class='ocrx_word' id='word_1_12' title='bbox 1658 20 1682 93; x_wconf 58' lang='grc' dir='ltr'>ζ</span> 
     </span>
    </p>
   </div>
   <div class='ocr_carea' id='block_1_2' title="bbox 133 146 1707 379">
    <p class='ocr_par' dir='ltr' id='par_1_2' title="bbox 133 146 1707 379">
     <span class='ocr_line' id='line_1_2' title="bbox 135 146 1703 222; baseline 0.004 -22"><span class='ocrx_word' id='word_1_13' title='bbox 135 146 371 215; x_wconf 77' lang='grc' dir='ltr'><strong><em>νειληφὸτι,</em></strong></span> <span class='ocrx_word' id='word_1_14' title='bbox 387 147 460 213; x_wconf 66' lang='grc' dir='ltr'><strong>κα.)</strong></span> <span class='ocrx_word' id='word_1_15' title='bbox 480 151 560 200; x_wconf 76' lang='grc' dir='ltr'>τοῦ</span> <span class='ocrx_word' id='word_1_16' title='bbox 585 148 796 222; x_wconf 56' lang='grc' dir='ltr'>ἅρματος</span> <span class='ocrx_word' id='word_1_17' title='bbox 817 151 908 200; x_wconf 78' lang='grc' dir='ltr'>ἐπι·</span> <span class='ocrx_word' id='word_1_18' title='bbox 944 155 1132 215; x_wconf 80' lang='lat' dir='ltr'>induto,</span> <span class='ocrx_word' id='word_1_19' title='bbox 1197 173 1380 205; x_wconf 86' lang='lat' dir='ltr'>currum</span> <span class='ocrx_word' id='word_1_20' title='bbox 1431 173 1521 222; x_wconf 87' lang='lat' dir='ltr'>que</span> <span class='ocrx_word' id='word_1_21' title='bbox 1570 174 1703 207; x_wconf 83' lang='lat' dir='ltr'>con--</span> 
     </span>
     <span class='ocr_line' id='line_1_3' title="bbox 134 223 1707 297; baseline 0.003 -20"><span class='ocrx_word' id='word_1_22' title='bbox 134 226 340 292; x_wconf 74' lang='grc' dir='ltr'><em>βαίνοντι,</em></span> <span class='ocrx_word' id='word_1_23' title='bbox 366 223 719 297; x_wconf 68' lang='grc' dir='ltr'><em>πξοςκομίζουσι</em></span> <span class='ocrx_word' id='word_1_24' title='bbox 738 240 757 263; x_wconf 85' lang='lat' dir='ltr'>e</span> <span class='ocrx_word' id='word_1_25' title='bbox 790 225 907 278; x_wconf 70' lang='grc' dir='ltr'><em>πάν·</em></span> <span class='ocrx_word' id='word_1_26' title='bbox 942 233 1168 282; x_wconf 86' lang='lat' dir='ltr'>scendenti</span> <span class='ocrx_word' id='word_1_27' title='bbox 1199 233 1396 283; x_wconf 84' lang='lat' dir='ltr'>reddunt</span> <span class='ocrx_word' id='word_1_28' title='bbox 1423 237 1569 284; x_wconf 70' lang='lat' dir='ltr'>tutum</span> <span class='ocrx_word' id='word_1_29' title='bbox 1598 235 1707 284; x_wconf 84' lang='lat' dir='ltr'>fas-.</span> 
     </span>
     <span class='ocr_line' id='line_1_4' title="bbox 133 298 1683 379; baseline 0.006 -27"><span class='ocrx_word' id='word_1_30' title='bbox 133 322 201 353; x_wconf 74' lang='grc' dir='ltr'>τοι</span> <span class='ocrx_word' id='word_1_31' title='bbox 240 303 313 354; x_wconf 76' lang='grc' dir='ltr'>τὸν</span> <span class='ocrx_word' id='word_1_32' title='bbox 352 298 603 372; x_wconf 64' lang='grc' dir='ltr'><em>σύνδεσμον</em></span> <span class='ocrx_word' id='word_1_33' title='bbox 635 307 716 354; x_wconf 79' lang='grc' dir='ltr'>τῶν</span> <span class='ocrx_word' id='word_1_34' title='bbox 757 307 905 358; x_wconf 62' lang='grc' dir='ltr'>ἔπιε-ο·</span> <span class='ocrx_word' id='word_1_35' title='bbox 940 311 1138 360; x_wconf 86' lang='lat' dir='ltr'>ciculum</span> <span class='ocrx_word' id='word_1_36' title='bbox 1168 310 1482 379; x_wconf 81' lang='lat' dir='ltr'>epistolarum,</span> <span class='ocrx_word' id='word_1_37' title='bbox 1513 313 1560 361; x_wconf 88' lang='lat' dir='ltr'>in</span> <span class='ocrx_word' id='word_1_38' title='bbox 1583 315 1683 378; x_wconf 83' lang='lat' dir='ltr'>qui-</span> 
     </span>
    </p>
   </div>
   <div class='ocr_carea' id='block_1_3' title="bbox 229 444 1038 491">
    <p class='ocr_par' dir='ltr' id='par_1_3' title="bbox 229 444 1038 491">
     <span class='ocr_line' id='line_1_5' title="bbox 229 444 1038 491; baseline 0.004 -14"><span class='ocrx_word' id='word_1_39' title='bbox 229 444 268 489; x_wconf 82' lang='lat' dir='ltr'>e)</span> <span class='ocrx_word' id='word_1_40' title='bbox 289 449 520 491; x_wconf 70' lang='grc' dir='ltr'>προςκομίζουεί</span> <span class='ocrx_word' id='word_1_41' title='bbox 544 459 579 479; x_wconf 73' lang='grc' dir='ltr'>τι</span> <span class='ocrx_word' id='word_1_42' title='bbox 597 449 699 481; x_wconf 63' lang='grc' dir='ltr'>πάντας</span> <span class='ocrx_word' id='word_1_43' title='bbox 709 454 747 482; x_wconf 78' lang='grc' dir='ltr'><strong>λ.</strong></span> <span class='ocrx_word' id='word_1_44' title='bbox 773 449 839 483; x_wconf 76' lang='lat' dir='ltr'>Ms.</span> <span class='ocrx_word' id='word_1_45' title='bbox 861 447 916 480; x_wconf 84' lang='lat' dir='ltr'>Ba.</span> <span class='ocrx_word' id='word_1_46' title='bbox 934 457 970 480; x_wconf 87' lang='lat' dir='ltr'>v.</span> <span class='ocrx_word' id='word_1_47' title='bbox 988 446 1038 482; x_wconf 84' lang='lat' dir='ltr'>N.</span> 
     </span>
    </p>
   </div>
   <div class='ocr_carea' id='block_1_4' title="bbox 139 556 1697 2713">
    <p class='ocr_par' dir='ltr' id='par_1_4' title="bbox 139 556 1697 2713">
     <span class='ocr_line' id='line_1_6' title="bbox 139 556 1691 612; baseline 0.004 -18"><span class='ocrx_word' id='word_1_48' title='bbox 139 556 305 595; x_wconf 79' lang='lat' dir='ltr'>habenas</span> <span class='ocrx_word' id='word_1_49' title='bbox 326 559 520 610; x_wconf 76' lang='lat' dir='ltr'>longiores</span> <span class='ocrx_word' id='word_1_50' title='bbox 544 561 761 600; x_wconf 85' lang='lat' dir='ltr'>inserebant</span> <span class='ocrx_word' id='word_1_51' title='bbox 790 562 872 611; x_wconf 88' lang='lat' dir='ltr'>post</span> <span class='ocrx_word' id='word_1_52' title='bbox 900 572 1072 610; x_wconf 83' lang='lat' dir='ltr'>tergum,</span> <span class='ocrx_word' id='word_1_53' title='bbox 1099 574 1151 599; x_wconf 88' lang='lat' dir='ltr'>ne</span> <span class='ocrx_word' id='word_1_54' title='bbox 1177 561 1456 612; x_wconf 86' lang='lat' dir='ltr'>impedimento</span> <span class='ocrx_word' id='word_1_55' title='bbox 1475 562 1622 601; x_wconf 77' lang='lat' dir='ltr'>effent“</span> <span class='ocrx_word' id='word_1_56' title='bbox 1642 570 1691 600; x_wconf 71' lang='lat' dir='ltr'>et&#39;</span> 
     </span>
     <span class='ocr_line' id='line_1_7' title="bbox 141 606 1685 657; baseline 0.006 -15"><span class='ocrx_word' id='word_1_57' title='bbox 141 606 187 643; x_wconf 82' lang='lat' dir='ltr'>ad</span> <span class='ocrx_word' id='word_1_58' title='bbox 212 618 339 647; x_wconf 85' lang='lat' dir='ltr'>textus</span> <span class='ocrx_word' id='word_1_59' title='bbox 367 618 448 654; x_wconf 64' lang='lat' dir='ltr'>‹fon-51</span> <span class='ocrx_word' id='word_1_60' title='bbox 467 613 638 649; x_wconf 77' lang='lat' dir='ltr'>laudatur</span> <span class='ocrx_word' id='word_1_61' title='bbox 659 612 751 650; x_wconf 85' lang='lat' dir='ltr'>alius</span> <span class='ocrx_word' id='word_1_62' title='bbox 770 613 914 650; x_wconf 86' lang='lat' dir='ltr'>Dionis</span> <span class='ocrx_word' id='word_1_63' title='bbox 936 614 1070 654; x_wconf 75' lang='lat' dir='ltr'>locus,</span> <span class='ocrx_word' id='word_1_64' title='bbox 1096 611 1162 649; x_wconf 90' lang='lat' dir='ltr'>ubi</span> <span class='ocrx_word' id='word_1_65' title='bbox 1193 614 1324 650; x_wconf 85' lang='lat' dir='ltr'>eadem</span> <span class='ocrx_word' id='word_1_66' title='bbox 1343 615 1453 652; x_wconf 85' lang='lat' dir='ltr'>vestis</span> <span class='ocrx_word' id='word_1_67' title='bbox 1484 615 1538 652; x_wconf 87' lang='lat' dir='ltr'>dr.</span> <span class='ocrx_word' id='word_1_68' title='bbox 1567 619 1685 657; x_wconf 68' lang='grc' dir='ltr'><strong><em>σκενῇ,</em></strong></span> 
     </span>
     <span class='ocr_line' id='line_1_8' title="bbox 141 656 1687 713; baseline 0.005 -19"><span class='ocrx_word' id='word_1_69' title='bbox 141 656 210 705; x_wconf 86' lang='lat' dir='ltr'>(cf.</span> <span class='ocrx_word' id='word_1_70' title='bbox 231 657 273 695; x_wconf 88' lang='lat' dir='ltr'>in</span> <span class='ocrx_word' id='word_1_71' title='bbox 291 660 367 697; x_wconf 87' lang='lat' dir='ltr'>hoc</span> <span class='ocrx_word' id='word_1_72' title='bbox 382 673 420 698; x_wconf 87' lang='lat' dir='ltr'>v.</span> <span class='ocrx_word' id='word_1_73' title='bbox 442 662 524 700; x_wconf 84' lang='lat' dir='ltr'>lnd.</span> <span class='ocrx_word' id='word_1_74' title='bbox 544 663 642 700; x_wconf 88' lang='lat' dir='ltr'>Xen.</span> <span class='ocrx_word' id='word_1_75' title='bbox 662 662 754 711; x_wconf 68' lang='grc' dir='ltr'><strong>Ἀγβ.</strong></span> <span class='ocrx_word' id='word_1_76' title='bbox 778 675 864 701; x_wconf 90' lang='lat' dir='ltr'>cum</span> <span class='ocrx_word' id='word_1_77' title='bbox 885 664 944 700; x_wconf 82' lang='lat' dir='ltr'>Rs.</span> <span class='ocrx_word' id='word_1_78' title='bbox 970 665 1036 700; x_wconf 89' lang='lat' dir='ltr'>Or.</span> <span class='ocrx_word' id='word_1_79' title='bbox 1059 663 1102 699; x_wconf 89' lang='lat' dir='ltr'>V.</span> <span class='ocrx_word' id='word_1_80' title='bbox 1113 675 1145 700; x_wconf 87' lang='lat'>2.</span> <span class='ocrx_word' id='word_1_81' title='bbox 1163 675 1200 712; x_wconf 91' lang='lat' dir='ltr'>p.</span> <span class='ocrx_word' id='word_1_82' title='bbox 1222 675 1280 709; x_wconf 82' lang='lat'>55.</span> <span class='ocrx_word' id='word_1_83' title='bbox 1300 663 1353 701; x_wconf 93' lang='lat' dir='ltr'>N.</span> <span class='ocrx_word' id='word_1_84' title='bbox 1375 665 1453 711; x_wconf 85' lang='lat'>22.)</span> <span class='ocrx_word' id='word_1_85' title='bbox 1472 663 1537 702; x_wconf 90' lang='lat' dir='ltr'>sed</span> <span class='ocrx_word' id='word_1_86' title='bbox 1554 665 1605 702; x_wconf 88' lang='lat' dir='ltr'>N.</span> <span class='ocrx_word' id='word_1_87' title='bbox 1627 663 1687 713; x_wconf 85' lang='lat' dir='ltr'>sq.</span> 
     </span>
     <span class='ocr_line' id='line_1_9' title="bbox 142 706 1688 762; baseline 0.003 -17"><span class='ocrx_word' id='word_1_88' title='bbox 142 706 188 744; x_wconf 80' lang='lat' dir='ltr'>ad</span> <span class='ocrx_word' id='word_1_89' title='bbox 209 713 327 756; x_wconf 68' lang='grc' dir='ltr'><em>κράνος</em></span> <span class='ocrx_word' id='word_1_90' title='bbox 347 710 467 752; x_wconf 78' lang='lat' dir='ltr'>„aiibi</span> <span class='ocrx_word' id='word_1_91' title='bbox 489 719 640 756; x_wconf 71' lang='grc' dir='ltr'>πέτασος</span> <span class='ocrx_word' id='word_1_92' title='bbox 653 737 665 755; x_wconf 86' lang='grc'><em>,</em></span> <span class='ocrx_word' id='word_1_93' title='bbox 690 713 799 751; x_wconf 80' lang='lat' dir='ltr'>caffis.</span> <span class='ocrx_word' id='word_1_94' title='bbox 856 715 944 751; x_wconf 83' lang='lat' dir='ltr'>Erat</span> <span class='ocrx_word' id='word_1_95' title='bbox 959 726 1004 751; x_wconf 88' lang='lat' dir='ltr'>ex</span> <span class='ocrx_word' id='word_1_96' title='bbox 1028 725 1156 762; x_wconf 87' lang='lat' dir='ltr'>panno</span> <span class='ocrx_word' id='word_1_97' title='bbox 1176 713 1344 752; x_wconf 84' lang='lat' dir='ltr'>eiusdem</span> <span class='ocrx_word' id='word_1_98' title='bbox 1365 725 1452 751; x_wconf 88' lang='lat' dir='ltr'>cum</span> <span class='ocrx_word' id='word_1_99' title='bbox 1472 714 1602 752; x_wconf 86' lang='lat' dir='ltr'>tunica</span> <span class='ocrx_word' id='word_1_100' title='bbox 1620 725 1688 749; x_wconf 89' lang='lat' dir='ltr'>co·</span> 
     </span>
     <span class='ocr_line' id='line_1_10' title="bbox 142 757 1684 814; baseline -0.001 -13"><span class='ocrx_word' id='word_1_101' title='bbox 142 757 260 801; x_wconf 71' lang='lat' dir='ltr'>loris,</span> <span class='ocrx_word' id='word_1_102' title='bbox 285 771 326 797; x_wconf 89' lang='lat' dir='ltr'>et</span> <span class='ocrx_word' id='word_1_103' title='bbox 354 772 469 810; x_wconf 86' lang='lat' dir='ltr'>caput</span> <span class='ocrx_word' id='word_1_104' title='bbox 488 763 584 801; x_wconf 60' lang='lat' dir='ltr'>arne</span> <span class='ocrx_word' id='word_1_105' title='bbox 605 763 794 814; x_wconf 85' lang='lat' dir='ltr'>cingebat.</span> <span class='ocrx_word' id='word_1_106' title='bbox 863 763 1018 812; x_wconf 83' lang='lat' dir='ltr'>Saepius</span> <span class='ocrx_word' id='word_1_107' title='bbox 1040 775 1080 801; x_wconf 86' lang='lat' dir='ltr'>et</span> <span class='ocrx_word' id='word_1_108' title='bbox 1101 763 1146 800; x_wconf 84' lang='lat' dir='ltr'>ab</span> <span class='ocrx_word' id='word_1_109' title='bbox 1174 763 1319 801; x_wconf 86' lang='lat' dir='ltr'>aurium</span> <span class='ocrx_word' id='word_1_110' title='bbox 1348 762 1507 814; x_wconf 84' lang='lat' dir='ltr'>regione</span> <span class='ocrx_word' id='word_1_111' title='bbox 1533 763 1684 806; x_wconf 83' lang='lat' dir='ltr'>lacinia,</span> 
     </span>
     <span class='ocr_line' id='line_1_11' title="bbox 144 809 1688 862; baseline 0.004 -17"><span class='ocrx_word' id='word_1_112' title='bbox 144 820 211 857; x_wconf 85' lang='lat' dir='ltr'>per</span> <span class='ocrx_word' id='word_1_113' title='bbox 238 809 413 848; x_wconf 82' lang='lat' dir='ltr'>buculam</span> <span class='ocrx_word' id='word_1_114' title='bbox 443 825 609 857; x_wconf 83' lang='lat' dir='ltr'>annexa,</span> <span class='ocrx_word' id='word_1_115' title='bbox 632 814 908 853; x_wconf 80' lang='lat' dir='ltr'>descendebat,</span> <span class='ocrx_word' id='word_1_116' title='bbox 937 825 1109 851; x_wconf 86' lang='lat' dir='ltr'>mentum</span> <span class='ocrx_word' id='word_1_117' title='bbox 1127 825 1202 862; x_wconf 91' lang='lat' dir='ltr'>que</span> <span class='ocrx_word' id='word_1_118' title='bbox 1229 814 1439 858; x_wconf 79' lang='lat' dir='ltr'>ambiebat,</span> <span class='ocrx_word' id='word_1_119' title='bbox 1466 814 1509 852; x_wconf 85' lang='lat' dir='ltr'>in</span> <span class='ocrx_word' id='word_1_120' title='bbox 1528 815 1688 852; x_wconf 84' lang='lat' dir='ltr'>modum</span> 
     </span>
     <span class='ocr_line' id='line_1_12' title="bbox 144 858 1695 913; baseline 0.008 -17"><span class='ocrx_word' id='word_1_121' title='bbox 144 858 285 897; x_wconf 78' lang='lat' dir='ltr'>caffidis</span> <span class='ocrx_word' id='word_1_122' title='bbox 304 861 500 905; x_wconf 80' lang='lat' dir='ltr'>militaris,</span> <span class='ocrx_word' id='word_1_123' title='bbox 526 864 606 902; x_wconf 80' lang='lat' dir='ltr'>scil.</span> <span class='ocrx_word' id='word_1_124' title='bbox 625 877 676 903; x_wconf 85' lang='lat' dir='ltr'>ne</span> <span class='ocrx_word' id='word_1_125' title='bbox 696 867 822 903; x_wconf 76' lang='lat' dir='ltr'>excuti</span> <span class='ocrx_word' id='word_1_126' title='bbox 843 864 955 902; x_wconf 79' lang='lat' dir='ltr'>facile</span> <span class='ocrx_word' id='word_1_127' title='bbox 974 863 1123 913; x_wconf 80' lang='lat' dir='ltr'>poffet“</span> <span class='ocrx_word' id='word_1_128' title='bbox 1144 873 1225 901; x_wconf 90' lang='lat' dir='ltr'>tum</span> <span class='ocrx_word' id='word_1_129' title='bbox 1251 877 1286 912; x_wconf 86' lang='lat' dir='ltr'>p.</span> <span class='ocrx_word' id='word_1_130' title='bbox 1310 876 1394 910; x_wconf 85' lang='lat'>917.</span> <span class='ocrx_word' id='word_1_131' title='bbox 1415 873 1458 912; x_wconf 86' lang='lat'>98</span> <span class='ocrx_word' id='word_1_132' title='bbox 1468 876 1499 910; x_wconf 86' lang='lat'>5·</span> <span class='ocrx_word' id='word_1_133' title='bbox 1519 868 1625 910; x_wconf 84' lang='lat'>10⁶3-</span> <span class='ocrx_word' id='word_1_134' title='bbox 1647 870 1695 902; x_wconf 63' lang='grc' dir='ltr'>θ(</span> 
     </span>
     <span class='ocr_line' id='line_1_13' title="bbox 145 909 1689 965; baseline 0.001 -16"><span class='ocrx_word' id='word_1_135' title='bbox 145 916 250 954; x_wconf 77' lang='lat'>1287·</span> <span class='ocrx_word' id='word_1_136' title='bbox 272 909 326 960; x_wconf 84' lang='lat' dir='ltr'>sq.</span> <span class='ocrx_word' id='word_1_137' title='bbox 346 913 470 961; x_wconf 86' lang='lat' dir='ltr'>agitur</span> <span class='ocrx_word' id='word_1_138' title='bbox 488 913 534 951; x_wconf 91' lang='lat' dir='ltr'>de</span> <span class='ocrx_word' id='word_1_139' title='bbox 553 913 780 953; x_wconf 58' lang='lat' dir='ltr'>faerionibus</span> <span class='ocrx_word' id='word_1_140' title='bbox 800 916 1008 965; x_wconf 82' lang='lat' dir='ltr'>aurigarum</span> <span class='ocrx_word' id='word_1_141' title='bbox 1029 926 1190 964; x_wconf 87' lang='lat' dir='ltr'>quatuor</span> <span class='ocrx_word' id='word_1_142' title='bbox 1210 926 1404 963; x_wconf 84' lang='lat' dir='ltr'>„quorum</span> <span class='ocrx_word' id='word_1_143' title='bbox 1425 914 1542 953; x_wconf 77' lang='lat' dir='ltr'>vestes</span> <span class='ocrx_word' id='word_1_144' title='bbox 1564 914 1689 952; x_wconf 86' lang='lat' dir='ltr'>diver·</span> 
     </span>
     <span class='ocr_line' id='line_1_14' title="bbox 143 956 1685 1015; baseline 0.004 -21"><span class='ocrx_word' id='word_1_145' title='bbox 143 956 218 996; x_wconf 84' lang='lat' dir='ltr'>sae.</span> <span class='ocrx_word' id='word_1_146' title='bbox 268 961 388 999; x_wconf 78' lang='lat' dir='ltr'>Fanni</span> <span class='ocrx_word' id='word_1_147' title='bbox 418 963 614 1003; x_wconf 84' lang='lat' dir='ltr'>coloribus</span> <span class='ocrx_word' id='word_1_148' title='bbox 637 965 823 1009; x_wconf 63' lang='lat' dir='ltr'>distinc‘ti,</span> <span class='ocrx_word' id='word_1_149' title='bbox 848 977 1013 1015; x_wconf 87' lang='lat' dir='ltr'>quorum</span> <span class='ocrx_word' id='word_1_150' title='bbox 1054 966 1088 1011; x_wconf 85' lang='lat'>1)</span> <span class='ocrx_word' id='word_1_151' title='bbox 1110 970 1294 1011; x_wconf 69' lang='grc' dir='ltr'><strong><em>πράσινος,</em></strong></span> <span class='ocrx_word' id='word_1_152' title='bbox 1321 964 1452 1004; x_wconf 83' lang='lat' dir='ltr'>viridis</span> <span class='ocrx_word' id='word_1_153' title='bbox 1479 966 1505 1002; x_wconf 86' lang='lat' dir='ltr'>s.</span> <span class='ocrx_word' id='word_1_154' title='bbox 1530 964 1637 1002; x_wconf 74' lang='lat' dir='ltr'>Fulve</span> <span class='ocrx_word' id='word_1_155' title='bbox 1658 961 1685 1000; x_wconf 81' lang='lat' dir='ltr'>s.</span> 
     </span>
     <span class='ocr_line' id='line_1_15' title="bbox 143 1009 1688 1064; baseline 0.003 -18"><span class='ocrx_word' id='word_1_156' title='bbox 143 1009 307 1048; x_wconf 75' lang='lat' dir='ltr'>satur-ate</span> <span class='ocrx_word' id='word_1_157' title='bbox 332 1011 484 1057; x_wconf 85' lang='lat' dir='ltr'>viridis,</span> <span class='ocrx_word' id='word_1_158' title='bbox 511 1017 550 1059; x_wconf 82' lang='lat'>2)</span> <span class='ocrx_word' id='word_1_159' title='bbox 568 1021 727 1059; x_wconf 73' lang='grc' dir='ltr'>κυάνεος,</span> <span class='ocrx_word' id='word_1_160' title='bbox 753 1027 915 1054; x_wconf 82' lang='lat' dir='ltr'>venetus</span> <span class='ocrx_word' id='word_1_161' title='bbox 929 1042 939 1058; x_wconf 89' lang='lat'>,</span> <span class='ocrx_word' id='word_1_162' title='bbox 968 1015 1108 1064; x_wconf 80' lang='lat' dir='ltr'>pallide</span> <span class='ocrx_word' id='word_1_163' title='bbox 1129 1015 1255 1052; x_wconf 83' lang='lat' dir='ltr'>virens</span> <span class='ocrx_word' id='word_1_164' title='bbox 1274 1016 1404 1053; x_wconf 75' lang='lat' dir='ltr'>coiere</span> <span class='ocrx_word' id='word_1_165' title='bbox 1427 1016 1539 1053; x_wconf 84' lang='lat' dir='ltr'>maris</span> <span class='ocrx_word' id='word_1_166' title='bbox 1558 1014 1584 1054; x_wconf 88' lang='lat' dir='ltr'>s.</span> <span class='ocrx_word' id='word_1_167' title='bbox 1605 1027 1688 1051; x_wconf 86' lang='lat' dir='ltr'>cae-</span> 
     </span>
     <span class='ocr_line' id='line_1_16' title="bbox 144 1060 1689 1115; baseline 0.005 -20"><span class='ocrx_word' id='word_1_168' title='bbox 144 1060 268 1104; x_wconf 62' lang='lat' dir='ltr'>fuleo,</span> <span class='ocrx_word' id='word_1_169' title='bbox 300 1063 336 1109; x_wconf 85' lang='lat'>3)</span> <span class='ocrx_word' id='word_1_170' title='bbox 355 1063 462 1100; x_wconf 85' lang='lat' dir='ltr'>albus</span> <span class='ocrx_word' id='word_1_171' title='bbox 489 1067 530 1110; x_wconf 84' lang='lat'>4)</span> <span class='ocrx_word' id='word_1_172' title='bbox 552 1066 664 1104; x_wconf 88' lang='lat' dir='ltr'>ruber</span> <span class='ocrx_word' id='word_1_173' title='bbox 685 1065 709 1104; x_wconf 87' lang='lat' dir='ltr'>s.</span> <span class='ocrx_word' id='word_1_174' title='bbox 725 1079 949 1115; x_wconf 82' lang='lat' dir='ltr'>purpureus.</span> <span class='ocrx_word' id='word_1_175' title='bbox 989 1066 1165 1115; x_wconf 73' lang='lat' dir='ltr'>Plerique</span> <span class='ocrx_word' id='word_1_176' title='bbox 1187 1066 1453 1113; x_wconf 81' lang='lat' dir='ltr'>imperatorum</span> <span class='ocrx_word' id='word_1_177' title='bbox 1470 1076 1580 1104; x_wconf 80' lang='lat' dir='ltr'>erant</span> <span class='ocrx_word' id='word_1_178' title='bbox 1602 1080 1689 1112; x_wconf 69' lang='grc' dir='ltr'>πμ·</span> 
     </span>
     <span class='ocr_line' id='line_1_17' title="bbox 147 1113 1690 1165; baseline 0.003 -18"><span class='ocrx_word' id='word_1_179' title='bbox 147 1117 254 1165; x_wconf 56' lang='lat' dir='ltr'>asmo)</span> <span class='ocrx_word' id='word_1_180' title='bbox 283 1113 307 1148; x_wconf 89' lang='lat' dir='ltr'>s.</span> <span class='ocrx_word' id='word_1_181' title='bbox 327 1118 539 1158; x_wconf 74' lang='grc' dir='ltr'>βενετιανσὶ,</span> <span class='ocrx_word' id='word_1_182' title='bbox 566 1115 588 1152; x_wconf 91' lang='lat' dir='ltr'>i.</span> <span class='ocrx_word' id='word_1_183' title='bbox 613 1130 646 1153; x_wconf 92' lang='lat' dir='ltr'>e.</span> <span class='ocrx_word' id='word_1_184' title='bbox 669 1115 836 1154; x_wconf 80' lang='lat' dir='ltr'>Prafinae</span> <span class='ocrx_word' id='word_1_185' title='bbox 862 1126 927 1154; x_wconf 83' lang='lat' dir='ltr'>aut</span> <span class='ocrx_word' id='word_1_186' title='bbox 949 1117 1120 1154; x_wconf 79' lang='lat' dir='ltr'>Venetae</span> <span class='ocrx_word' id='word_1_187' title='bbox 1150 1115 1305 1153; x_wconf 73' lang='lat' dir='ltr'>fastioni</span> <span class='ocrx_word' id='word_1_188' title='bbox 1327 1116 1484 1159; x_wconf 61' lang='lat' dir='ltr'>addicti,</span> <span class='ocrx_word' id='word_1_189' title='bbox 1510 1116 1690 1153; x_wconf 84' lang='lat' dir='ltr'>nomina-</span> 
     </span>
     <span class='ocr_line' id='line_1_18' title="bbox 147 1161 1690 1215; baseline 0.003 -20"><span class='ocrx_word' id='word_1_190' title='bbox 147 1169 219 1215; x_wconf 77' lang='lat' dir='ltr'>tim</span> <span class='ocrx_word' id='word_1_191' title='bbox 238 1161 408 1200; x_wconf 73' lang='lat' dir='ltr'>Prassnae</span> <span class='ocrx_word' id='word_1_192' title='bbox 427 1164 620 1214; x_wconf 77' lang='lat' dir='ltr'>Caligula,</span> <span class='ocrx_word' id='word_1_193' title='bbox 647 1166 772 1210; x_wconf 82' lang='lat' dir='ltr'>Nero,</span> <span class='ocrx_word' id='word_1_194' title='bbox 798 1169 942 1210; x_wconf 84' lang='lat' dir='ltr'>Verus,</span> <span class='ocrx_word' id='word_1_195' title='bbox 967 1165 1224 1208; x_wconf 85' lang='lat' dir='ltr'>Commodus,</span> <span class='ocrx_word' id='word_1_196' title='bbox 1249 1166 1407 1209; x_wconf 78' lang='lat' dir='ltr'>Avitus,</span> <span class='ocrx_word' id='word_1_197' title='bbox 1432 1166 1496 1204; x_wconf 82' lang='lat' dir='ltr'>sed</span> <span class='ocrx_word' id='word_1_198' title='bbox 1519 1166 1690 1202; x_wconf 85' lang='lat' dir='ltr'>Venetae</span> 
     </span>
     <span class='ocr_line' id='line_1_19' title="bbox 148 1210 1693 1265; baseline 0.005 -21"><span class='ocrx_word' id='word_1_199' title='bbox 148 1210 330 1249; x_wconf 73' lang='lat' dir='ltr'>Vitellius</span> <span class='ocrx_word' id='word_1_200' title='bbox 351 1225 391 1250; x_wconf 89' lang='lat' dir='ltr'>et</span> <span class='ocrx_word' id='word_1_201' title='bbox 412 1216 657 1254; x_wconf 72' lang='lat' dir='ltr'>caracallus«</span> <span class='ocrx_word' id='word_1_202' title='bbox 681 1216 732 1253; x_wconf 81' lang='lat' dir='ltr'>cf.</span> <span class='ocrx_word' id='word_1_203' title='bbox 751 1231 787 1263; x_wconf 82' lang='lat'>4,</span> <span class='ocrx_word' id='word_1_204' title='bbox 800 1222 833 1259; x_wconf 88' lang='lat'>6,</span> <span class='ocrx_word' id='word_1_205' title='bbox 850 1228 883 1265; x_wconf 86' lang='lat'>3.</span> <span class='ocrx_word' id='word_1_206' title='bbox 905 1229 945 1254; x_wconf 82' lang='lat' dir='ltr'>et</span> <span class='ocrx_word' id='word_1_207' title='bbox 967 1229 999 1258; x_wconf 82' lang='lat' dir='ltr'>r,</span> <span class='ocrx_word' id='word_1_208' title='bbox 1024 1228 1079 1264; x_wconf 86' lang='lat'>13,</span> <span class='ocrx_word' id='word_1_209' title='bbox 1110 1228 1162 1259; x_wconf 84' lang='lat'>17.</span> <span class='ocrx_word' id='word_1_210' title='bbox 1176 1241 1187 1257; x_wconf 76' lang='grc'><em>,</em></span> <span class='ocrx_word' id='word_1_211' title='bbox 1211 1230 1290 1255; x_wconf 87' lang='lat' dir='ltr'>rem</span> <span class='ocrx_word' id='word_1_212' title='bbox 1311 1216 1428 1254; x_wconf 90' lang='lat' dir='ltr'>hodie</span> <span class='ocrx_word' id='word_1_213' title='bbox 1450 1215 1693 1254; x_wconf 76' lang='lat' dir='ltr'>imitantibus</span> 
     </span>
     <span class='ocr_line' id='line_1_20' title="bbox 145 1260 1690 1314; baseline 0.003 -17"><span class='ocrx_word' id='word_1_214' title='bbox 145 1260 283 1310; x_wconf 80' lang='lat' dir='ltr'>Anglis</span> <span class='ocrx_word' id='word_1_215' title='bbox 297 1262 464 1301; x_wconf 83' lang='lat' dir='ltr'>Londini</span> <span class='ocrx_word' id='word_1_216' title='bbox 485 1277 528 1301; x_wconf 88' lang='lat' dir='ltr'>ac</span> <span class='ocrx_word' id='word_1_217' title='bbox 538 1265 796 1304; x_wconf 79' lang='lat' dir='ltr'>vindobonae</span> <span class='ocrx_word' id='word_1_218' title='bbox 813 1267 853 1305; x_wconf 87' lang='lat' dir='ltr'>in</span> <span class='ocrx_word' id='word_1_219' title='bbox 874 1265 1145 1304; x_wconf 80' lang='lat' dir='ltr'>certaminibus</span> <span class='ocrx_word' id='word_1_220' title='bbox 1164 1266 1408 1314; x_wconf 85' lang='lat' dir='ltr'>equestribus,</span> <span class='ocrx_word' id='word_1_221' title='bbox 1432 1267 1496 1305; x_wconf 87' lang='lat' dir='ltr'>sed</span> <span class='ocrx_word' id='word_1_222' title='bbox 1515 1279 1576 1304; x_wconf 90' lang='lat' dir='ltr'>me</span> <span class='ocrx_word' id='word_1_223' title='bbox 1595 1265 1690 1302; x_wconf 83' lang='lat' dir='ltr'>olim</span> 
     </span>
     <span class='ocr_line' id='line_1_21' title="bbox 148 1309 1690 1366; baseline 0.003 -19"><span class='ocrx_word' id='word_1_224' title='bbox 148 1309 196 1347; x_wconf 90' lang='lat' dir='ltr'>ad</span> <span class='ocrx_word' id='word_1_225' title='bbox 220 1311 317 1350; x_wconf 88' lang='lat' dir='ltr'>hanc</span> <span class='ocrx_word' id='word_1_226' title='bbox 335 1313 369 1363; x_wconf 85' lang='lat'>§.</span> <span class='ocrx_word' id='word_1_227' title='bbox 393 1313 564 1363; x_wconf 79' lang='lat' dir='ltr'>signante</span> <span class='ocrx_word' id='word_1_228' title='bbox 591 1329 612 1354; x_wconf 88' lang='lat' dir='ltr'>e</span> <span class='ocrx_word' id='word_1_229' title='bbox 634 1318 718 1366; x_wconf 85' lang='lat' dir='ltr'>Beg.</span> <span class='ocrx_word' id='word_1_230' title='bbox 742 1327 775 1363; x_wconf 81' lang='lat'>3,</span> <span class='ocrx_word' id='word_1_231' title='bbox 802 1327 882 1364; x_wconf 86' lang='lat'>133.</span> <span class='ocrx_word' id='word_1_232' title='bbox 903 1329 1060 1354; x_wconf 88' lang='lat' dir='ltr'>numum</span> <span class='ocrx_word' id='word_1_233' title='bbox 1091 1317 1306 1356; x_wconf 78' lang='lat' dir='ltr'>„Caracalla</span> <span class='ocrx_word' id='word_1_234' title='bbox 1325 1329 1410 1354; x_wconf 90' lang='lat' dir='ltr'>cum</span> <span class='ocrx_word' id='word_1_235' title='bbox 1433 1317 1563 1366; x_wconf 75' lang='lat' dir='ltr'>biga.“</span> <span class='ocrx_word' id='word_1_236' title='bbox 1612 1317 1690 1352; x_wconf 79' lang='lat' dir='ltr'>lam</span> 
     </span>
     <span class='ocr_line' id='line_1_22' title="bbox 149 1360 1688 1414; baseline 0.003 -17"><span class='ocrx_word' id='word_1_237' title='bbox 149 1360 224 1398; x_wconf 83' lang='grc' dir='ltr'><strong>Μς.</strong></span> <span class='ocrx_word' id='word_1_238' title='bbox 248 1363 306 1398; x_wconf 88' lang='lat' dir='ltr'>Ba.</span> <span class='ocrx_word' id='word_1_239' title='bbox 331 1363 433 1405; x_wconf 77' lang='lat' dir='ltr'>casus</span> <span class='ocrx_word' id='word_1_240' title='bbox 454 1364 548 1401; x_wconf 81' lang='lat' dir='ltr'>alius</span> <span class='ocrx_word' id='word_1_241' title='bbox 574 1371 707 1412; x_wconf 68' lang='grc' dir='ltr'>ἡνίοχον</span> <span class='ocrx_word' id='word_1_242' title='bbox 729 1367 860 1414; x_wconf 78' lang='lat' dir='ltr'>potius</span> <span class='ocrx_word' id='word_1_243' title='bbox 883 1365 932 1402; x_wconf 82' lang='lat' dir='ltr'>est</span> <span class='ocrx_word' id='word_1_244' title='bbox 961 1365 1083 1414; x_wconf 85' lang='lat' dir='ltr'>lapsus</span> <span class='ocrx_word' id='word_1_245' title='bbox 1107 1366 1146 1401; x_wconf 83' lang='lat' dir='ltr'>in</span> <span class='ocrx_word' id='word_1_246' title='bbox 1169 1366 1308 1403; x_wconf 73' lang='lat' dir='ltr'>litteris</span> <span class='ocrx_word' id='word_1_247' title='bbox 1338 1367 1496 1409; x_wconf 81' lang='lat' dir='ltr'>iterum,</span> <span class='ocrx_word' id='word_1_248' title='bbox 1525 1379 1609 1403; x_wconf 89' lang='lat' dir='ltr'>cum</span> <span class='ocrx_word' id='word_1_249' title='bbox 1630 1377 1688 1402; x_wconf 88' lang='lat' dir='ltr'>ac-</span> 
     </span>
     <span class='ocr_line' id='line_1_23' title="bbox 150 1412 1690 1465; baseline 0.004 -19"><span class='ocrx_word' id='word_1_250' title='bbox 150 1422 268 1448; x_wconf 86' lang='lat' dir='ltr'>centu</span> <span class='ocrx_word' id='word_1_251' title='bbox 287 1412 429 1450; x_wconf 87' lang='lat' dir='ltr'>deinde</span> <span class='ocrx_word' id='word_1_252' title='bbox 447 1424 616 1457; x_wconf 83' lang='lat' dir='ltr'>mutate,</span> <span class='ocrx_word' id='word_1_253' title='bbox 644 1416 730 1464; x_wconf 84' lang='lat' dir='ltr'>quia</span> <span class='ocrx_word' id='word_1_254' title='bbox 749 1416 863 1453; x_wconf 83' lang='lat' dir='ltr'>eriam</span> <span class='ocrx_word' id='word_1_255' title='bbox 887 1418 975 1452; x_wconf 80' lang='lat' dir='ltr'>Mss.</span> <span class='ocrx_word' id='word_1_256' title='bbox 994 1416 1062 1452; x_wconf 84' lang='lat' dir='ltr'>rel.</span> <span class='ocrx_word' id='word_1_257' title='bbox 1085 1414 1232 1452; x_wconf 82' lang='lat' dir='ltr'>servant</span> <span class='ocrx_word' id='word_1_258' title='bbox 1254 1416 1376 1465; x_wconf 79' lang='lat' dir='ltr'>vulg..</span> <span class='ocrx_word' id='word_1_259' title='bbox 1401 1428 1514 1464; x_wconf 87' lang='lat' dir='ltr'>quam</span> <span class='ocrx_word' id='word_1_260' title='bbox 1531 1413 1597 1452; x_wconf 77' lang='lat' dir='ltr'>issa</span> <span class='ocrx_word' id='word_1_261' title='bbox 1619 1427 1690 1463; x_wconf 86' lang='lat' dir='ltr'>ap-</span> 
     </span>
     <span class='ocr_line' id='line_1_24' title="bbox 151 1459 1690 1517; baseline 0.003 -20"><span class='ocrx_word' id='word_1_262' title='bbox 151 1459 290 1517; x_wconf 66' lang='lat' dir='ltr'>positio</span> <span class='ocrx_word' id='word_1_263' title='bbox 308 1462 347 1500; x_wconf 89' lang='lat' dir='ltr'>in</span> <span class='ocrx_word' id='word_1_264' title='bbox 369 1463 475 1501; x_wconf 88' lang='lat' dir='ltr'>subst.</span> <span class='ocrx_word' id='word_1_265' title='bbox 500 1476 569 1510; x_wconf 87' lang='lat' dir='ltr'>pro</span> <span class='ocrx_word' id='word_1_266' title='bbox 589 1465 681 1509; x_wconf 60' lang='lat' dir='ltr'>adi„</span> <span class='ocrx_word' id='word_1_267' title='bbox 708 1466 831 1513; x_wconf 74' lang='lat' dir='ltr'>qualis</span> <span class='ocrx_word' id='word_1_268' title='bbox 851 1471 984 1511; x_wconf 50' lang='grc' dir='ltr'>ἡνίοχος</span> <span class='ocrx_word' id='word_1_269' title='bbox 1003 1470 1160 1513; x_wconf 63' lang='grc' dir='ltr'>θεράπων</span> <span class='ocrx_word' id='word_1_270' title='bbox 1179 1479 1235 1514; x_wconf 82' lang='lat' dir='ltr'>ap.</span> <span class='ocrx_word' id='word_1_271' title='bbox 1263 1467 1382 1502; x_wconf 84' lang='lat' dir='ltr'>Hom.</span> <span class='ocrx_word' id='word_1_272' title='bbox 1401 1468 1462 1504; x_wconf 68' lang='grc' dir='ltr'><strong>Ἰλ.</strong></span> <span class='ocrx_word' id='word_1_273' title='bbox 1479 1463 1520 1508; x_wconf 82' lang='grc' dir='ltr'>ν’,</span> <span class='ocrx_word' id='word_1_274' title='bbox 1547 1469 1630 1513; x_wconf 84' lang='lat'>386.</span> <span class='ocrx_word' id='word_1_275' title='bbox 1649 1475 1690 1502; x_wconf 87' lang='lat' dir='ltr'>et</span> 
     </span>
     <span class='ocr_line' id='line_1_25' title="bbox 151 1511 1688 1564; baseline 0.002 -16"><span class='ocrx_word' id='word_1_276' title='bbox 151 1524 193 1548; x_wconf 84' lang='lat' dir='ltr'>m</span> <span class='ocrx_word' id='word_1_277' title='bbox 213 1511 296 1549; x_wconf 87' lang='lat' dir='ltr'>aliis</span> <span class='ocrx_word' id='word_1_278' title='bbox 314 1511 423 1549; x_wconf 85' lang='lat' dir='ltr'>subst.</span> <span class='ocrx_word' id='word_1_279' title='bbox 448 1514 561 1556; x_wconf 82' lang='lat' dir='ltr'>alibi,</span> <span class='ocrx_word' id='word_1_280' title='bbox 588 1516 638 1552; x_wconf 84' lang='lat' dir='ltr'>cf.</span> <span class='ocrx_word' id='word_1_281' title='bbox 661 1517 802 1553; x_wconf 83' lang='lat' dir='ltr'>Meurs.</span> <span class='ocrx_word' id='word_1_282' title='bbox 826 1515 870 1553; x_wconf 87' lang='lat' dir='ltr'>ad</span> <span class='ocrx_word' id='word_1_283' title='bbox 891 1517 1007 1564; x_wconf 90' lang='lat' dir='ltr'>Lyco.</span> <span class='ocrx_word' id='word_1_284' title='bbox 1033 1529 1066 1552; x_wconf 88' lang='lat' dir='ltr'>v.</span> <span class='ocrx_word' id='word_1_285' title='bbox 1089 1520 1175 1561; x_wconf 80' lang='lat'>496.</span> <span class='ocrx_word' id='word_1_286' title='bbox 1201 1528 1238 1564; x_wconf 86' lang='lat' dir='ltr'>p.</span> <span class='ocrx_word' id='word_1_287' title='bbox 1260 1528 1319 1561; x_wconf 83' lang='lat'>72.</span> <span class='ocrx_word' id='word_1_288' title='bbox 1346 1516 1463 1553; x_wconf 79' lang='lat' dir='ltr'>Stani.</span> <span class='ocrx_word' id='word_1_289' title='bbox 1486 1515 1532 1552; x_wconf 89' lang='lat' dir='ltr'>ad</span> <span class='ocrx_word' id='word_1_290' title='bbox 1552 1515 1688 1553; x_wconf 75' lang='lat' dir='ltr'>Aesch-</span> 
     </span>
     <span class='ocr_line' id='line_1_26' title="bbox 151 1562 1694 1615; baseline 0.001 -15"><span class='ocrx_word' id='word_1_291' title='bbox 151 1562 278 1600; x_wconf 77' lang='lat' dir='ltr'>Prom.</span> <span class='ocrx_word' id='word_1_292' title='bbox 300 1575 336 1599; x_wconf 84' lang='lat' dir='ltr'>v.</span> <span class='ocrx_word' id='word_1_293' title='bbox 359 1575 392 1599; x_wconf 88' lang='lat'>2.</span> <span class='ocrx_word' id='word_1_294' title='bbox 413 1575 502 1600; x_wconf 90' lang='lat' dir='ltr'>cum</span> <span class='ocrx_word' id='word_1_295' title='bbox 523 1565 614 1602; x_wconf 89' lang='lat' dir='ltr'>Abr.</span> <span class='ocrx_word' id='word_1_296' title='bbox 644 1578 676 1608; x_wconf 86' lang='lat'>1,</span> <span class='ocrx_word' id='word_1_297' title='bbox 701 1576 759 1614; x_wconf 85' lang='lat'>93.</span> <span class='ocrx_word' id='word_1_298' title='bbox 778 1579 810 1602; x_wconf 88' lang='lat' dir='ltr'>e.</span> <span class='ocrx_word' id='word_1_299' title='bbox 843 1578 924 1613; x_wconf 83' lang='lat'><strong>¹99·</strong></span> <span class='ocrx_word' id='word_1_300' title='bbox 953 1579 1002 1602; x_wconf 90' lang='lat' dir='ltr'>m.</span> <span class='ocrx_word' id='word_1_301' title='bbox 1026 1567 1122 1613; x_wconf 88' lang='lat' dir='ltr'>Cup.</span> <span class='ocrx_word' id='word_1_302' title='bbox 1147 1565 1236 1602; x_wconf 77' lang='grc' dir='ltr'><strong>ΟΜ.</strong></span> <span class='ocrx_word' id='word_1_303' title='bbox 1270 1579 1305 1615; x_wconf 86' lang='lat' dir='ltr'>p.</span> <span class='ocrx_word' id='word_1_304' title='bbox 1326 1576 1431 1613; x_wconf 74' lang='lat'>123..</span> <span class='ocrx_word' id='word_1_305' title='bbox 1466 1567 1510 1602; x_wconf 86' lang='lat' dir='ltr'>ad</span> <span class='ocrx_word' id='word_1_306' title='bbox 1539 1565 1629 1603; x_wconf 82' lang='lat' dir='ltr'>Luc.</span> <span class='ocrx_word' id='word_1_307' title='bbox 1656 1578 1694 1608; x_wconf 65' lang='grc' dir='ltr'>ι,</span> 
     </span>
     <span class='ocr_line' id='line_1_27' title="bbox 157 1613 1694 1665; baseline 0.001 -15"><span class='ocrx_word' id='word_1_308' title='bbox 157 1619 241 1661; x_wconf 83' lang='lat'>138.</span> <span class='ocrx_word' id='word_1_309' title='bbox 265 1613 314 1650; x_wconf 89' lang='lat' dir='ltr'>N.</span> <span class='ocrx_word' id='word_1_310' title='bbox 335 1615 394 1656; x_wconf 86' lang='lat'>67.</span> <span class='ocrx_word' id='word_1_311' title='bbox 423 1625 459 1661; x_wconf 87' lang='lat' dir='ltr'>p.</span> <span class='ocrx_word' id='word_1_312' title='bbox 483 1625 566 1661; x_wconf 75' lang='lat'>398.</span> <span class='ocrx_word' id='word_1_313' title='bbox 590 1617 642 1653; x_wconf 89' lang='lat' dir='ltr'>N.</span> <span class='ocrx_word' id='word_1_314' title='bbox 669 1627 729 1665; x_wconf 88' lang='lat'>31.</span> <span class='ocrx_word' id='word_1_315' title='bbox 752 1628 788 1664; x_wconf 88' lang='lat' dir='ltr'>p.</span> <span class='ocrx_word' id='word_1_316' title='bbox 811 1621 894 1661; x_wconf 86' lang='lat'>604.</span> <span class='ocrx_word' id='word_1_317' title='bbox 918 1617 962 1652; x_wconf 89' lang='lat' dir='ltr'>N.</span> <span class='ocrx_word' id='word_1_318' title='bbox 990 1626 1047 1663; x_wconf 86' lang='lat'>37.</span> <span class='ocrx_word' id='word_1_319' title='bbox 1067 1616 1110 1652; x_wconf 85' lang='lat' dir='ltr'>it.</span> <span class='ocrx_word' id='word_1_320' title='bbox 1132 1626 1166 1662; x_wconf 79' lang='lat'>3,</span> <span class='ocrx_word' id='word_1_321' title='bbox 1192 1628 1273 1660; x_wconf 89' lang='lat'><em>¹77-</em></span> <span class='ocrx_word' id='word_1_322' title='bbox 1294 1616 1344 1653; x_wconf 92' lang='lat' dir='ltr'>N.</span> <span class='ocrx_word' id='word_1_323' title='bbox 1369 1627 1426 1661; x_wconf 82' lang='grc' dir='ltr'>ις.</span> <span class='ocrx_word' id='word_1_324' title='bbox 1453 1616 1499 1654; x_wconf 81' lang='lat' dir='ltr'>nd</span> <span class='ocrx_word' id='word_1_325' title='bbox 1518 1615 1636 1653; x_wconf 83' lang='lat' dir='ltr'>Diod.</span> <span class='ocrx_word' id='word_1_326' title='bbox 1655 1615 1694 1652; x_wconf 87' lang='lat' dir='ltr'>S.</span> 
     </span>
     <span class='ocr_line' id='line_1_28' title="bbox 156 1662 1694 1713; baseline 0.002 -14"><span class='ocrx_word' id='word_1_327' title='bbox 156 1674 192 1706; x_wconf 86' lang='lat'>1,</span> <span class='ocrx_word' id='word_1_328' title='bbox 213 1671 298 1709; x_wconf 80' lang='lat'>482.</span> <span class='ocrx_word' id='word_1_329' title='bbox 330 1663 380 1700; x_wconf 90' lang='lat' dir='ltr'>N.</span> <span class='ocrx_word' id='word_1_330' title='bbox 401 1667 461 1707; x_wconf 83' lang='lat'>96.</span> <span class='ocrx_word' id='word_1_331' title='bbox 490 1664 535 1701; x_wconf 88' lang='lat' dir='ltr'>ad</span> <span class='ocrx_word' id='word_1_332' title='bbox 553 1667 645 1704; x_wconf 82' lang='lat' dir='ltr'>Hes,</span> <span class='ocrx_word' id='word_1_333' title='bbox 669 1678 701 1709; x_wconf 82' lang='lat'>1,</span> <span class='ocrx_word' id='word_1_334' title='bbox 729 1669 809 1713; x_wconf 77' lang='lat'>143.</span> <span class='ocrx_word' id='word_1_335' title='bbox 835 1668 883 1703; x_wconf 89' lang='lat' dir='ltr'>N.</span> <span class='ocrx_word' id='word_1_336' title='bbox 907 1679 937 1703; x_wconf 75' lang='grc' dir='ltr'><strong>ι.</strong></span> <span class='ocrx_word' id='word_1_337' title='bbox 958 1668 1066 1702; x_wconf 81' lang='lat' dir='ltr'>Earn.</span> <span class='ocrx_word' id='word_1_338' title='bbox 1095 1677 1135 1703; x_wconf 92' lang='lat' dir='ltr'>et</span> <span class='ocrx_word' id='word_1_339' title='bbox 1155 1666 1241 1702; x_wconf 85' lang='lat' dir='ltr'>Ern.</span> <span class='ocrx_word' id='word_1_340' title='bbox 1260 1666 1306 1702; x_wconf 79' lang='lat' dir='ltr'>ad</span> <span class='ocrx_word' id='word_1_341' title='bbox 1327 1667 1443 1702; x_wconf 89' lang='lat' dir='ltr'>Hom.</span> <span class='ocrx_word' id='word_1_342' title='bbox 1467 1665 1527 1705; x_wconf 64' lang='grc' dir='ltr'>Ὦ.</span> <span class='ocrx_word' id='word_1_343' title='bbox 1554 1662 1604 1708; x_wconf 69' lang='grc' dir='ltr'>ὥ,</span> <span class='ocrx_word' id='word_1_344' title='bbox 1633 1672 1694 1710; x_wconf 80' lang='lat'>58.</span> 
     </span>
     <span class='ocr_line' id='line_1_29' title="bbox 153 1713 1695 1765; baseline 0.001 -15"><span class='ocrx_word' id='word_1_345' title='bbox 153 1725 194 1750; x_wconf 87' lang='lat' dir='ltr'>et</span> <span class='ocrx_word' id='word_1_346' title='bbox 210 1713 257 1750; x_wconf 87' lang='lat' dir='ltr'>ad</span> <span class='ocrx_word' id='word_1_347' title='bbox 276 1713 370 1751; x_wconf 79' lang='lat' dir='ltr'>Cau.</span> <span class='ocrx_word' id='word_1_348' title='bbox 392 1713 456 1750; x_wconf 86' lang='lat' dir='ltr'>Di.</span> <span class='ocrx_word' id='word_1_349' title='bbox 480 1728 513 1751; x_wconf 84' lang='lat' dir='ltr'>v.</span> <span class='ocrx_word' id='word_1_350' title='bbox 538 1726 620 1765; x_wconf 79' lang='lat'>239.</span> <span class='ocrx_word' id='word_1_351' title='bbox 640 1717 730 1753; x_wconf 87' lang='lat' dir='ltr'>Krb.</span> <span class='ocrx_word' id='word_1_352' title='bbox 750 1718 795 1754; x_wconf 85' lang='lat' dir='ltr'>ad</span> <span class='ocrx_word' id='word_1_353' title='bbox 817 1718 905 1754; x_wconf 77' lang='lat' dir='ltr'>Hes.</span> <span class='ocrx_word' id='word_1_354' title='bbox 929 1721 1005 1763; x_wconf 66' lang='lat'>557.</span> <span class='ocrx_word' id='word_1_355' title='bbox 1026 1729 1061 1753; x_wconf 90' lang='lat' dir='ltr'>v.</span> <span class='ocrx_word' id='word_1_356' title='bbox 1077 1725 1158 1760; x_wconf 80' lang='lat'>189.</span> <span class='ocrx_word' id='word_1_357' title='bbox 1180 1717 1235 1754; x_wconf 89' lang='lat' dir='ltr'>Fi.</span> <span class='ocrx_word' id='word_1_358' title='bbox 1254 1715 1299 1752; x_wconf 86' lang='lat' dir='ltr'>ad</span> <span class='ocrx_word' id='word_1_359' title='bbox 1314 1716 1427 1753; x_wconf 76' lang='lat' dir='ltr'>well.</span> <span class='ocrx_word' id='word_1_360' title='bbox 1451 1728 1488 1764; x_wconf 87' lang='lat' dir='ltr'>p.</span> <span class='ocrx_word' id='word_1_361' title='bbox 1501 1727 1585 1761; x_wconf 84' lang='lat'>297.</span> <span class='ocrx_word' id='word_1_362' title='bbox 1606 1727 1695 1759; x_wconf 83' lang='lat' dir='ltr'>cum</span> 
     </span>
     <span class='ocr_line' id='line_1_30' title="bbox 152 1764 1697 1814; baseline -0.001 -11"><span class='ocrx_word' id='word_1_363' title='bbox 152 1765 279 1803; x_wconf 88' lang='lat' dir='ltr'>Koen.</span> <span class='ocrx_word' id='word_1_364' title='bbox 299 1765 346 1802; x_wconf 80' lang='lat' dir='ltr'>ad</span> <span class='ocrx_word' id='word_1_365' title='bbox 367 1764 482 1814; x_wconf 82' lang='lat' dir='ltr'>Greg.</span> <span class='ocrx_word' id='word_1_366' title='bbox 503 1779 539 1813; x_wconf 86' lang='lat' dir='ltr'>p.</span> <span class='ocrx_word' id='word_1_367' title='bbox 560 1779 619 1814; x_wconf 78' lang='lat'>45.</span> <span class='ocrx_word' id='word_1_368' title='bbox 640 1766 690 1805; x_wconf 92' lang='lat' dir='ltr'>N.</span> <span class='ocrx_word' id='word_1_369' title='bbox 710 1771 791 1810; x_wconf 82' lang='lat'>76.‚</span> <span class='ocrx_word' id='word_1_370' title='bbox 817 1767 993 1803; x_wconf 75' lang='lat' dir='ltr'>aliorsum</span> <span class='ocrx_word' id='word_1_371' title='bbox 1016 1768 1179 1804; x_wconf 78' lang='lat' dir='ltr'>abeunte</span> <span class='ocrx_word' id='word_1_372' title='bbox 1201 1767 1238 1803; x_wconf 91' lang='lat' dir='ltr'>P.</span> <span class='ocrx_word' id='word_1_373' title='bbox 1262 1779 1349 1803; x_wconf 85' lang='lat' dir='ltr'>cum</span> <span class='ocrx_word' id='word_1_374' title='bbox 1371 1765 1503 1803; x_wconf 77' lang='lat' dir='ltr'>addito</span> <span class='ocrx_word' id='word_1_375' title='bbox 1523 1767 1606 1804; x_wconf 83' lang='lat' dir='ltr'>adv.</span> <span class='ocrx_word' id='word_1_376' title='bbox 1627 1771 1697 1811; x_wconf 71' lang='grc' dir='ltr'>μά·</span> 
     </span>
     <span class='ocr_line' id='line_1_31' title="bbox 153 1813 1693 1864; baseline 0.001 -12"><span class='ocrx_word' id='word_1_377' title='bbox 153 1825 258 1857; x_wconf 64' lang='lat' dir='ltr'>mex,</span> <span class='ocrx_word' id='word_1_378' title='bbox 284 1813 334 1850; x_wconf 89' lang='lat' dir='ltr'>cf.</span> <span class='ocrx_word' id='word_1_379' title='bbox 355 1823 390 1862; x_wconf 76' lang='lat'>3,</span> <span class='ocrx_word' id='word_1_380' title='bbox 415 1826 473 1856; x_wconf 78' lang='grc' dir='ltr'>ιι,</span> <span class='ocrx_word' id='word_1_381' title='bbox 497 1828 552 1860; x_wconf 92' lang='lat'>19.</span> <span class='ocrx_word' id='word_1_382' title='bbox 583 1827 623 1853; x_wconf 82' lang='lat' dir='ltr'>et</span> <span class='ocrx_word' id='word_1_383' title='bbox 646 1829 802 1864; x_wconf 83' lang='lat' dir='ltr'>quoque</span> <span class='ocrx_word' id='word_1_384' title='bbox 830 1830 939 1864; x_wconf 77' lang='lat' dir='ltr'>pron.</span> <span class='ocrx_word' id='word_1_385' title='bbox 964 1818 1079 1864; x_wconf 66' lang='grc' dir='ltr'><em>αὐτῷ,</em></span> <span class='ocrx_word' id='word_1_386' title='bbox 1107 1815 1156 1853; x_wconf 86' lang='lat' dir='ltr'>cf.</span> <span class='ocrx_word' id='word_1_387' title='bbox 1177 1829 1213 1863; x_wconf 86' lang='lat'>4,</span> <span class='ocrx_word' id='word_1_388' title='bbox 1233 1829 1270 1864; x_wconf 83' lang='lat'>9,</span> <span class='ocrx_word' id='word_1_389' title='bbox 1292 1830 1325 1861; x_wconf 86' lang='lat'>4.</span> <span class='ocrx_word' id='word_1_390' title='bbox 1359 1815 1401 1854; x_wconf 89' lang='lat' dir='ltr'>it.</span> <span class='ocrx_word' id='word_1_391' title='bbox 1431 1827 1582 1854; x_wconf 84' lang='lat' dir='ltr'>remoto</span> <span class='ocrx_word' id='word_1_392' title='bbox 1608 1817 1693 1854; x_wconf 76' lang='lat' dir='ltr'>adv.</span> 
     </span>
     <span class='ocr_line' id='line_1_32' title="bbox 154 1859 1697 1952; baseline 0.002 -51"><span class='ocrx_word' id='word_1_393' title='bbox 154 1859 226 1952; x_wconf 57' lang='grc' dir='ltr'>ᾕδὲὶ</span> <span class='ocrx_word' id='word_1_394' title='bbox 240 1874 391 1921; x_wconf 77' lang='lat' dir='ltr'>tantuin</span> <span class='ocrx_word' id='word_1_395' title='bbox 413 1866 458 1902; x_wconf 77' lang='lat' dir='ltr'>ad</span> <span class='ocrx_word' id='word_1_396' title='bbox 476 1864 528 1914; x_wconf 81' lang='lat' dir='ltr'>sq.</span> <span class='ocrx_word' id='word_1_397' title='bbox 547 1868 772 1909; x_wconf 78' lang='lat' dir='ltr'>membrum,</span> <span class='ocrx_word' id='word_1_398' title='bbox 802 1868 867 1905; x_wconf 87' lang='lat' dir='ltr'>ubi</span> <span class='ocrx_word' id='word_1_399' title='bbox 890 1879 975 1905; x_wconf 86' lang='lat' dir='ltr'>cum</span> <span class='ocrx_word' id='word_1_400' title='bbox 992 1881 1031 1914; x_wconf 81' lang='lat'>4,</span> <span class='ocrx_word' id='word_1_401' title='bbox 1050 1877 1085 1912; x_wconf 87' lang='lat'>7,</span> <span class='ocrx_word' id='word_1_402' title='bbox 1109 1878 1166 1903; x_wconf 83' lang='grc' dir='ltr'><strong>ιι.</strong></span> <span class='ocrx_word' id='word_1_403' title='bbox 1188 1865 1270 1915; x_wconf 61' lang='lat' dir='ltr'>elfu-</span> <span class='ocrx_word' id='word_1_404' title='bbox 1292 1871 1345 1905; x_wconf 66' lang='grc' dir='ltr'>ἔτ.</span> <span class='ocrx_word' id='word_1_405' title='bbox 1365 1866 1529 1904; x_wconf 86' lang='lat' dir='ltr'>variatur</span> <span class='ocrx_word' id='word_1_406' title='bbox 1547 1879 1617 1915; x_wconf 84' lang='lat' dir='ltr'>per</span> <span class='ocrx_word' id='word_1_407' title='bbox 1633 1866 1697 1904; x_wconf 83' lang='lat' dir='ltr'>ad·</span> 
     </span>
     <span class='ocr_line' id='line_1_33' title="bbox 152 1924 1495 1951; baseline 0.002 -1"><span class='ocrx_word' id='word_1_408' title='bbox 152 1924 188 1951; x_wconf 77' lang='lat' dir='ltr'>le</span> <span class='ocrx_word' id='word_1_409' title='bbox 230 1926 294 1951; x_wconf 90' lang='lat' dir='ltr'>um</span> <span class='ocrx_word' id='word_1_410' title='bbox 322 1925 427 1951; x_wconf 78' lang='lat' dir='ltr'>artic.</span> <span class='ocrx_word' id='word_1_411' title='bbox 1490 1928 1495 1931; x_wconf 87' lang='grc'>’</span> 
     </span>
     <span class='ocr_line' id='line_1_34' title="bbox 204 1964 1696 2015; baseline 0.001 -13"><span class='ocrx_word' id='word_1_412' title='bbox 204 1966 494 2012; x_wconf 66' lang='grc' dir='ltr'>προςκομίζουσι)</span> <span class='ocrx_word' id='word_1_413' title='bbox 521 1965 689 2003; x_wconf 83' lang='lat' dir='ltr'>Litterae</span> <span class='ocrx_word' id='word_1_414' title='bbox 712 1965 879 2004; x_wconf 79' lang='lat' dir='ltr'>solebant</span> <span class='ocrx_word' id='word_1_415' title='bbox 899 1967 968 2004; x_wconf 76' lang='lat' dir='ltr'>csse</span> <span class='ocrx_word' id='word_1_416' title='bbox 991 1967 1030 2004; x_wconf 88' lang='lat' dir='ltr'>in</span> <span class='ocrx_word' id='word_1_417' title='bbox 1053 1965 1191 2004; x_wconf 87' lang='lat' dir='ltr'>scrinio</span> <span class='ocrx_word' id='word_1_418' title='bbox 1211 1966 1362 2015; x_wconf 83' lang='lat' dir='ltr'>aliquo,</span> <span class='ocrx_word' id='word_1_419' title='bbox 1388 1966 1427 2003; x_wconf 77' lang='lat' dir='ltr'>h.</span> <span class='ocrx_word' id='word_1_420' title='bbox 1448 1978 1481 2003; x_wconf 89' lang='lat' dir='ltr'>e.</span> <span class='ocrx_word' id='word_1_421' title='bbox 1503 1964 1544 2003; x_wconf 85' lang='lat' dir='ltr'>in</span> <span class='ocrx_word' id='word_1_422' title='bbox 1561 1965 1696 2004; x_wconf 76' lang='lat' dir='ltr'>loculo</span> 
     </span>
     <span class='ocr_line' id='line_1_35' title="bbox 156 2015 1696 2065; baseline 0.004 -15"><span class='ocrx_word' id='word_1_423' title='bbox 156 2020 196 2047; x_wconf 89' lang='lat' dir='ltr'>et</span> <span class='ocrx_word' id='word_1_424' title='bbox 217 2016 478 2062; x_wconf 77' lang='lat' dir='ltr'>receptaculo.</span> <span class='ocrx_word' id='word_1_425' title='bbox 508 2015 615 2054; x_wconf 86' lang='lat' dir='ltr'>cuius</span> <span class='ocrx_word' id='word_1_426' title='bbox 635 2029 710 2065; x_wconf 89' lang='lat' dir='ltr'>ope</span> <span class='ocrx_word' id='word_1_427' title='bbox 730 2029 791 2052; x_wconf 82' lang='lat' dir='ltr'>eas</span> <span class='ocrx_word' id='word_1_428' title='bbox 812 2017 994 2054; x_wconf 62' lang='lat' dir='ltr'>tabellarii</span> <span class='ocrx_word' id='word_1_429' title='bbox 1021 2017 1097 2054; x_wconf 81' lang='lat' dir='ltr'>fine</span> <span class='ocrx_word' id='word_1_430' title='bbox 1118 2019 1256 2055; x_wconf 89' lang='lat' dir='ltr'>damno</span> <span class='ocrx_word' id='word_1_431' title='bbox 1276 2016 1501 2065; x_wconf 80' lang='lat' dir='ltr'>perferrent.</span> <span class='ocrx_word' id='word_1_432' title='bbox 1551 2016 1696 2056; x_wconf 73' lang='lat' dir='ltr'>Huius-</span> 
     </span>
     <span class='ocr_line' id='line_1_36' title="bbox 153 2062 1461 2114; baseline 0.003 -16"><span class='ocrx_word' id='word_1_433' title='bbox 153 2062 263 2102; x_wconf 88' lang='lat' dir='ltr'>modi</span> <span class='ocrx_word' id='word_1_434' title='bbox 284 2064 411 2100; x_wconf 80' lang='lat' dir='ltr'>scrinii</span> <span class='ocrx_word' id='word_1_435' title='bbox 435 2066 584 2103; x_wconf 87' lang='lat' dir='ltr'>mentio</span> <span class='ocrx_word' id='word_1_436' title='bbox 604 2079 662 2114; x_wconf 87' lang='lat' dir='ltr'>ap.</span> <span class='ocrx_word' id='word_1_437' title='bbox 686 2067 773 2103; x_wconf 78' lang='lat' dir='ltr'>San.</span> <span class='ocrx_word' id='word_1_438' title='bbox 798 2069 879 2103; x_wconf 90' lang='lat' dir='ltr'>Cat.</span> <span class='ocrx_word' id='word_1_439' title='bbox 899 2072 961 2113; x_wconf 88' lang='lat'>46,</span> <span class='ocrx_word' id='word_1_440' title='bbox 982 2070 1050 2113; x_wconf 91' lang='lat'>(6.)</span> <span class='ocrx_word' id='word_1_441' title='bbox 1072 2067 1136 2104; x_wconf 90' lang='lat' dir='ltr'>ubi</span> <span class='ocrx_word' id='word_1_442' title='bbox 1157 2080 1193 2103; x_wconf 87' lang='lat' dir='ltr'>v.</span> <span class='ocrx_word' id='word_1_443' title='bbox 1212 2068 1319 2104; x_wconf 90' lang='lat' dir='ltr'>Cort.</span> <span class='ocrx_word' id='word_1_444' title='bbox 1343 2066 1461 2103; x_wconf 81' lang='lat' dir='ltr'>Leisn.</span> 
     </span>
     <span class='ocr_line' id='line_1_37' title="bbox 256 2113 1695 2167; baseline 0.003 -17"><span class='ocrx_word' id='word_1_445' title='bbox 256 2113 312 2151; x_wconf 79' lang='lat' dir='ltr'>lbi</span> <span class='ocrx_word' id='word_1_446' title='bbox 331 2113 446 2152; x_wconf 80' lang='lat' dir='ltr'>etiam</span> <span class='ocrx_word' id='word_1_447' title='bbox 464 2127 544 2152; x_wconf 82' lang='lat' dir='ltr'>erat</span> <span class='ocrx_word' id='word_1_448' title='bbox 563 2116 732 2153; x_wconf 84' lang='lat' dir='ltr'>severius</span> <span class='ocrx_word' id='word_1_449' title='bbox 752 2118 830 2154; x_wconf 81' lang='lat' dir='ltr'>Lat.</span> <span class='ocrx_word' id='word_1_450' title='bbox 856 2130 923 2165; x_wconf 82' lang='lat' dir='ltr'>pro</span> <span class='ocrx_word' id='word_1_451' title='bbox 946 2120 1008 2166; x_wconf 80' lang='lat' dir='ltr'>ssg.</span> <span class='ocrx_word' id='word_1_452' title='bbox 1033 2131 1053 2154; x_wconf 88' lang='lat' dir='ltr'>e</span> <span class='ocrx_word' id='word_1_453' title='bbox 1078 2119 1115 2154; x_wconf 85' lang='lat' dir='ltr'>P.</span> <span class='ocrx_word' id='word_1_454' title='bbox 1135 2117 1180 2153; x_wconf 83' lang='lat' dir='ltr'>ad</span> <span class='ocrx_word' id='word_1_455' title='bbox 1199 2129 1234 2152; x_wconf 87' lang='grc' dir='ltr'>ν.</span> <span class='ocrx_word' id='word_1_456' title='bbox 1260 2132 1316 2163; x_wconf 66' lang='grc' dir='ltr'><strong>πρ.</strong></span> <span class='ocrx_word' id='word_1_457' title='bbox 1337 2115 1504 2167; x_wconf 66' lang='lat' dir='ltr'>affirm,</span> <span class='ocrx_word' id='word_1_458' title='bbox 1529 2114 1595 2153; x_wconf 85' lang='lat' dir='ltr'>sub</span> <span class='ocrx_word' id='word_1_459' title='bbox 1614 2127 1695 2164; x_wconf 80' lang='lat' dir='ltr'>quo</span> 
     </span>
     <span class='ocr_line' id='line_1_38' title="bbox 155 2163 1694 2214; baseline 0.003 -14"><span class='ocrx_word' id='word_1_460' title='bbox 155 2174 195 2201; x_wconf 90' lang='lat' dir='ltr'>et</span> <span class='ocrx_word' id='word_1_461' title='bbox 215 2163 295 2214; x_wconf 87' lang='lat' dir='ltr'>syn.</span> <span class='ocrx_word' id='word_1_462' title='bbox 313 2173 513 2214; x_wconf 77' lang='lat' dir='ltr'>apportare</span> <span class='ocrx_word' id='word_1_463' title='bbox 543 2164 705 2214; x_wconf 84' lang='lat' dir='ltr'>protulit</span> <span class='ocrx_word' id='word_1_464' title='bbox 725 2168 803 2213; x_wconf 83' lang='lat' dir='ltr'>Stp.</span> <span class='ocrx_word' id='word_1_465' title='bbox 824 2168 900 2203; x_wconf 86' lang='lat' dir='ltr'>Th.</span> <span class='ocrx_word' id='word_1_466' title='bbox 920 2168 1024 2207; x_wconf 86' lang='lat' dir='ltr'>huuc</span> <span class='ocrx_word' id='word_1_467' title='bbox 1046 2169 1174 2204; x_wconf 75' lang='lat' dir='ltr'>locum</span> <span class='ocrx_word' id='word_1_468' title='bbox 1203 2165 1277 2203; x_wconf 78' lang='lat' dir='ltr'>fine</span> <span class='ocrx_word' id='word_1_469' title='bbox 1298 2167 1362 2204; x_wconf 86' lang='lat' dir='ltr'>Vs.</span> <span class='ocrx_word' id='word_1_470' title='bbox 1384 2165 1450 2213; x_wconf 83' lang='lat' dir='ltr'>(cf.</span> <span class='ocrx_word' id='word_1_471' title='bbox 1470 2165 1574 2204; x_wconf 80' lang='lat' dir='ltr'>Suid.</span> <span class='ocrx_word' id='word_1_472' title='bbox 1599 2167 1694 2204; x_wconf 84' lang='lat' dir='ltr'>Hes.</span> 
     </span>
     <span class='ocr_line' id='line_1_39' title="bbox 156 2215 1694 2266; baseline 0.003 -17"><span class='ocrx_word' id='word_1_473' title='bbox 156 2225 245 2250; x_wconf 82' lang='lat' dir='ltr'>cum</span> <span class='ocrx_word' id='word_1_474' title='bbox 267 2215 350 2251; x_wconf 83' lang='lat' dir='ltr'>Ind.</span> <span class='ocrx_word' id='word_1_475' title='bbox 380 2216 475 2252; x_wconf 85' lang='lat' dir='ltr'>Xen.</span> <span class='ocrx_word' id='word_1_476' title='bbox 497 2217 608 2252; x_wconf 80' lang='lat' dir='ltr'>Bach.</span> <span class='ocrx_word' id='word_1_477' title='bbox 625 2228 663 2253; x_wconf 88' lang='lat' dir='ltr'>et</span> <span class='ocrx_word' id='word_1_478' title='bbox 686 2217 834 2263; x_wconf 79' lang='lat' dir='ltr'>Geop.‚</span> <span class='ocrx_word' id='word_1_479' title='bbox 870 2227 914 2253; x_wconf 88' lang='lat' dir='ltr'>ut</span> <span class='ocrx_word' id='word_1_480' title='bbox 942 2216 1044 2254; x_wconf 86' lang='lat' dir='ltr'>forte</span> <span class='ocrx_word' id='word_1_481' title='bbox 1072 2216 1274 2266; x_wconf 82' lang='lat' dir='ltr'>legendum</span> <span class='ocrx_word' id='word_1_482' title='bbox 1303 2217 1595 2265; x_wconf 65' lang='grc' dir='ltr'>προςκομίζεσθαι</span> <span class='ocrx_word' id='word_1_483' title='bbox 1625 2227 1694 2264; x_wconf 84' lang='lat' dir='ltr'>pro</span> 
     </span>
     <span class='ocr_line' id='line_1_40' title="bbox 156 2265 1696 2316; baseline 0.002 -16"><span class='ocrx_word' id='word_1_484' title='bbox 156 2279 329 2309; x_wconf 70' lang='grc' dir='ltr'><strong><em>προςκοιμ,</em></strong></span> <span class='ocrx_word' id='word_1_485' title='bbox 357 2265 438 2302; x_wconf 83' lang='lat' dir='ltr'>Ind.</span> <span class='ocrx_word' id='word_1_486' title='bbox 463 2265 563 2303; x_wconf 76' lang='lat' dir='ltr'>Heu.</span> <span class='ocrx_word' id='word_1_487' title='bbox 586 2266 701 2312; x_wconf 83' lang='lat' dir='ltr'>Xen.)</span> <span class='ocrx_word' id='word_1_488' title='bbox 724 2267 829 2314; x_wconf 78' lang='lat' dir='ltr'>quod</span> <span class='ocrx_word' id='word_1_489' title='bbox 852 2280 916 2312; x_wconf 79' lang='lat' dir='ltr'>per</span> <span class='ocrx_word' id='word_1_490' title='bbox 937 2269 1083 2316; x_wconf 75' lang='lat' dir='ltr'>analog.</span> <span class='ocrx_word' id='word_1_491' title='bbox 1105 2267 1305 2313; x_wconf 80' lang='lat' dir='ltr'>copulatur</span> <span class='ocrx_word' id='word_1_492' title='bbox 1325 2279 1410 2304; x_wconf 89' lang='lat' dir='ltr'>cum</span> <span class='ocrx_word' id='word_1_493' title='bbox 1434 2269 1525 2305; x_wconf 76' lang='grc' dir='ltr'><strong>συνδ.</strong></span> <span class='ocrx_word' id='word_1_494' title='bbox 1549 2276 1595 2302; x_wconf 87' lang='lat' dir='ltr'>ut</span> <span class='ocrx_word' id='word_1_495' title='bbox 1620 2266 1696 2303; x_wconf 82' lang='lat' dir='ltr'>hoc</span> 
     </span>
     <span class='ocr_line' id='line_1_41' title="bbox 155 2315 1692 2372; baseline 0.001 -22"><span class='ocrx_word' id='word_1_496' title='bbox 155 2318 315 2372; x_wconf 51' lang='lat' dir='ltr'>cumfw.</span> <span class='ocrx_word' id='word_1_497' title='bbox 342 2315 504 2352; x_wconf 86' lang='lat' dir='ltr'>maxime</span> <span class='ocrx_word' id='word_1_498' title='bbox 528 2315 572 2352; x_wconf 79' lang='lat' dir='ltr'>ad</span> <span class='ocrx_word' id='word_1_499' title='bbox 594 2316 673 2352; x_wconf 82' lang='lat' dir='ltr'>Lat.</span> <span class='ocrx_word' id='word_1_500' title='bbox 693 2315 742 2351; x_wconf 86' lang='lat' dir='ltr'>cf.</span> <span class='ocrx_word' id='word_1_501' title='bbox 766 2318 815 2353; x_wconf 89' lang='lat' dir='ltr'>G.</span> <span class='ocrx_word' id='word_1_502' title='bbox 839 2319 914 2354; x_wconf 81' lang='lat' dir='ltr'>Th.</span> <span class='ocrx_word' id='word_1_503' title='bbox 937 2318 979 2354; x_wconf 86' lang='lat' dir='ltr'>in</span> <span class='ocrx_word' id='word_1_504' title='bbox 1001 2319 1063 2367; x_wconf 79' lang='lat' dir='ltr'>Bg.</span> <span class='ocrx_word' id='word_1_505' title='bbox 1084 2316 1220 2354; x_wconf 81' lang='lat' dir='ltr'>diserte</span> <span class='ocrx_word' id='word_1_506' title='bbox 1241 2329 1262 2352; x_wconf 92' lang='lat' dir='ltr'>e</span> <span class='ocrx_word' id='word_1_507' title='bbox 1283 2316 1363 2353; x_wconf 87' lang='lat' dir='ltr'>Cic.</span> <span class='ocrx_word' id='word_1_508' title='bbox 1387 2315 1429 2354; x_wconf 87' lang='lat' dir='ltr'>it.</span> <span class='ocrx_word' id='word_1_509' title='bbox 1460 2315 1499 2352; x_wconf 89' lang='lat' dir='ltr'>in</span> <span class='ocrx_word' id='word_1_510' title='bbox 1518 2316 1581 2354; x_wconf 90' lang='lat' dir='ltr'>Sb.</span> <span class='ocrx_word' id='word_1_511' title='bbox 1604 2316 1692 2353; x_wconf 78' lang='lat' dir='ltr'>lud.</span> 
     </span>
     <span class='ocr_line' id='line_1_42' title="bbox 146 2361 1694 2465; baseline 0.003 -16"><span class='ocrx_word' id='word_1_512' title='bbox 146 2361 297 2450; x_wconf 55' lang='lat' dir='ltr'>{iffi</span> <span class='ocrx_word' id='word_1_513' title='bbox 324 2364 840 2453; x_wconf 53' lang='lat' dir='ltr'>{ficLGffioFss&#39;fflssfss</span> <span class='ocrx_word' id='word_1_514' title='bbox 851 2369 936 2454; x_wconf 51' lang='lat'>¹1¹6&amp;</span> <span class='ocrx_word' id='word_1_515' title='bbox 956 2365 1694 2465; x_wconf 54' lang='lat' dir='ltr'>¹132f·.¹;?¹}‚{³.⁵?.⁰21.i‡s.55’⁰3{‚”55⁰2</span> 
     </span>
     <span class='ocr_line' id='line_1_43' title="bbox 158 2463 1694 2514; baseline 0.002 -15"><span class='ocrx_word' id='word_1_516' title='bbox 158 2463 346 2512; x_wconf 79' lang='lat' dir='ltr'>procedit,</span> <span class='ocrx_word' id='word_1_517' title='bbox 363 2465 488 2502; x_wconf 86' lang='lat' dir='ltr'>sumto</span> <span class='ocrx_word' id='word_1_518' title='bbox 507 2466 676 2503; x_wconf 83' lang='lat' dir='ltr'>eiusdem</span> <span class='ocrx_word' id='word_1_519' title='bbox 690 2466 962 2503; x_wconf 68' lang='lat' dir='ltr'>Ms.c0mmate</span> <span class='ocrx_word' id='word_1_520' title='bbox 984 2465 1064 2514; x_wconf 88' lang='lat' dir='ltr'>post</span> <span class='ocrx_word' id='word_1_521' title='bbox 1083 2467 1235 2509; x_wconf 64' lang='lat' dir='ltr'>’Aur-m„</span> <span class='ocrx_word' id='word_1_522' title='bbox 1257 2478 1296 2503; x_wconf 84' lang='lat' dir='ltr'>et</span> <span class='ocrx_word' id='word_1_523' title='bbox 1314 2467 1358 2502; x_wconf 82' lang='lat' dir='ltr'>ad</span> <span class='ocrx_word' id='word_1_524' title='bbox 1379 2466 1478 2503; x_wconf 85' lang='lat' dir='ltr'>hunc</span> <span class='ocrx_word' id='word_1_525' title='bbox 1497 2466 1588 2507; x_wconf 75' lang='lat' dir='ltr'>dat..</span> <span class='ocrx_word' id='word_1_526' title='bbox 1608 2476 1694 2502; x_wconf 86' lang='lat' dir='ltr'>tan·</span> 
     </span>
     <span class='ocr_line' id='line_1_44' title="bbox 158 2513 1694 2564; baseline 0.001 -14"><span class='ocrx_word' id='word_1_527' title='bbox 158 2525 269 2561; x_wconf 84' lang='lat' dir='ltr'>quam</span> <span class='ocrx_word' id='word_1_528' title='bbox 290 2513 336 2550; x_wconf 87' lang='lat' dir='ltr'>ad</span> <span class='ocrx_word' id='word_1_529' title='bbox 366 2515 531 2564; x_wconf 75' lang='lat' dir='ltr'>logicum</span> <span class='ocrx_word' id='word_1_530' title='bbox 560 2515 783 2558; x_wconf 65' lang='lat' dir='ltr'>subiessuzn,</span> <span class='ocrx_word' id='word_1_531' title='bbox 809 2516 935 2553; x_wconf 76' lang='lat' dir='ltr'>relatis</span> <span class='ocrx_word' id='word_1_532' title='bbox 967 2516 1143 2554; x_wconf 79' lang='lat' dir='ltr'>membris</span> <span class='ocrx_word' id='word_1_533' title='bbox 1168 2515 1341 2555; x_wconf 65' lang='lat' dir='ltr'>duobm.</span> <span class='ocrx_word' id='word_1_534' title='bbox 1366 2514 1428 2558; x_wconf 49' lang='lat'>{5¹32</span> <span class='ocrx_word' id='word_1_535' title='bbox 1451 2536 1486 2544; x_wconf 85' lang='lat'>-·</span> <span class='ocrx_word' id='word_1_536' title='bbox 1507 2520 1597 2562; x_wconf 67' lang='grc' dir='ltr'><strong>ἔπιβ.</strong></span> <span class='ocrx_word' id='word_1_537' title='bbox 1614 2539 1625 2557; x_wconf 88' lang='grc'><em>,</em></span> <span class='ocrx_word' id='word_1_538' title='bbox 1652 2525 1694 2552; x_wconf 82' lang='lat' dir='ltr'>et</span> 
     </span>
     <span class='ocr_line' id='line_1_45' title="bbox 157 2563 1694 2614; baseline 0 -13"><span class='ocrx_word' id='word_1_539' title='bbox 157 2570 198 2602; x_wconf 75' lang='grc' dir='ltr'>τὲ</span> <span class='ocrx_word' id='word_1_540' title='bbox 211 2564 308 2614; x_wconf 80' lang='lat' dir='ltr'>vulg.</span> <span class='ocrx_word' id='word_1_541' title='bbox 322 2565 403 2612; x_wconf 82' lang='lat' dir='ltr'>post</span> <span class='ocrx_word' id='word_1_542' title='bbox 424 2563 485 2608; x_wconf 63' lang='grc' dir='ltr'>ἤδη</span> <span class='ocrx_word' id='word_1_543' title='bbox 505 2567 623 2602; x_wconf 52' lang='lat' dir='ltr'>trasco</span> <span class='ocrx_word' id='word_1_544' title='bbox 647 2566 691 2602; x_wconf 78' lang='lat' dir='ltr'>ad</span> <span class='ocrx_word' id='word_1_545' title='bbox 714 2566 763 2613; x_wconf 71' lang='lat' dir='ltr'>sq.</span> <span class='ocrx_word' id='word_1_546' title='bbox 788 2566 841 2609; x_wconf 55' lang='grc' dir='ltr'>κοῶ</span> <span class='ocrx_word' id='word_1_547' title='bbox 855 2591 867 2608; x_wconf 84' lang='grc'><em>,</em></span> <span class='ocrx_word' id='word_1_548' title='bbox 893 2565 956 2602; x_wconf 78' lang='lat' dir='ltr'>ubi</span> <span class='ocrx_word' id='word_1_549' title='bbox 971 2574 1008 2602; x_wconf 65' lang='grc' dir='ltr'>τε</span> <span class='ocrx_word' id='word_1_550' title='bbox 1033 2566 1153 2614; x_wconf 79' lang='lat' dir='ltr'>potest</span> <span class='ocrx_word' id='word_1_551' title='bbox 1172 2567 1335 2612; x_wconf 80' lang='lat' dir='ltr'>reputari</span> <span class='ocrx_word' id='word_1_552' title='bbox 1356 2578 1423 2613; x_wconf 81' lang='lat' dir='ltr'>pro</span> <span class='ocrx_word' id='word_1_553' title='bbox 1442 2565 1694 2603; x_wconf 77' lang='lat' dir='ltr'>redundante.</span> 
     </span>
     <span class='ocr_line' id='line_1_46' title="bbox 157 2610 1693 2663; baseline 0 -13"><span class='ocrx_word' id='word_1_554' title='bbox 157 2610 326 2656; x_wconf 55' lang='lat' dir='ltr'>Contra,</span> <span class='ocrx_word' id='word_1_555' title='bbox 358 2614 381 2651; x_wconf 83' lang='lat' dir='ltr'>fi</span> <span class='ocrx_word' id='word_1_556' title='bbox 403 2621 441 2652; x_wconf 74' lang='grc' dir='ltr'>τὲ</span> <span class='ocrx_word' id='word_1_557' title='bbox 462 2616 561 2663; x_wconf 80' lang='lat' dir='ltr'>vulg.</span> <span class='ocrx_word' id='word_1_558' title='bbox 580 2614 742 2652; x_wconf 74' lang='lat' dir='ltr'>refertur</span> <span class='ocrx_word' id='word_1_559' title='bbox 765 2615 807 2651; x_wconf 80' lang='lat' dir='ltr'>ad</span> <span class='ocrx_word' id='word_1_560' title='bbox 832 2629 886 2660; x_wconf 67' lang='lat' dir='ltr'>pr.</span> <span class='ocrx_word' id='word_1_561' title='bbox 905 2628 938 2650; x_wconf 68' lang='lat' dir='ltr'>v.</span> <span class='ocrx_word' id='word_1_562' title='bbox 959 2622 1100 2660; x_wconf 55' lang='lat' dir='ltr'>&amp;ans-st</span> <span class='ocrx_word' id='word_1_563' title='bbox 1121 2615 1226 2653; x_wconf 72' lang='lat' dir='ltr'>fimui</span> <span class='ocrx_word' id='word_1_564' title='bbox 1248 2616 1292 2653; x_wconf 82' lang='lat' dir='ltr'>ad</span> <span class='ocrx_word' id='word_1_565' title='bbox 1315 2621 1425 2662; x_wconf 70' lang='lat' dir='ltr'>poltr-</span> <span class='ocrx_word' id='word_1_566' title='bbox 1446 2627 1480 2651; x_wconf 85' lang='lat' dir='ltr'>v.</span> <span class='ocrx_word' id='word_1_567' title='bbox 1499 2629 1629 2662; x_wconf 55' lang='lat' dir='ltr'>affetu„</span> <span class='ocrx_word' id='word_1_568' title='bbox 1649 2613 1693 2650; x_wconf 76' lang='lat' dir='ltr'>li·</span> 
     </span>
     <span class='ocr_line' id='line_1_47' title="bbox 157 2664 1693 2713; baseline 0 -13"><span class='ocrx_word' id='word_1_569' title='bbox 157 2665 293 2701; x_wconf 75' lang='lat' dir='ltr'>beuter</span> <span class='ocrx_word' id='word_1_570' title='bbox 315 2665 523 2702; x_wconf 75' lang='lat' dir='ltr'>carebimus</span> <span class='ocrx_word' id='word_1_571' title='bbox 547 2677 633 2701; x_wconf 87' lang='lat' dir='ltr'>cum</span> <span class='ocrx_word' id='word_1_572' title='bbox 658 2666 747 2702; x_wconf 60' lang='lat' dir='ltr'>Mes.</span> <span class='ocrx_word' id='word_1_573' title='bbox 770 2666 836 2702; x_wconf 77' lang='lat' dir='ltr'>rel.</span> <span class='ocrx_word' id='word_1_574' title='bbox 856 2664 922 2702; x_wconf 67' lang='lat' dir='ltr'>isto</span> <span class='ocrx_word' id='word_1_575' title='bbox 951 2679 1054 2702; x_wconf 75' lang='lat' dir='ltr'>novo</span> <span class='ocrx_word' id='word_1_576' title='bbox 1074 2671 1135 2708; x_wconf 73' lang='grc' dir='ltr'><strong>τὲ.</strong></span> <span class='ocrx_word' id='word_1_577' title='bbox 1163 2666 1201 2702; x_wconf 82' lang='lat' dir='ltr'>in</span> <span class='ocrx_word' id='word_1_578' title='bbox 1226 2664 1356 2713; x_wconf 74' lang='lat' dir='ltr'>primis</span> <span class='ocrx_word' id='word_1_579' title='bbox 1384 2664 1537 2701; x_wconf 76' lang='lat' dir='ltr'>alsumto</span> <span class='ocrx_word' id='word_1_580' title='bbox 1561 2675 1693 2701; x_wconf 78' lang='lat' dir='ltr'>mente</span> 
     </span>
    </p>
   </div>
   <div class='ocr_carea' id='block_1_5' title="bbox 157 2714 1696 2767">
    <p class='ocr_par' dir='ltr' id='par_1_5' title="bbox 157 2714 1696 2767">
     <span class='ocr_line' id='line_1_48' title="bbox 157 2714 1696 2767; baseline 0 -15"><span class='ocrx_word' id='word_1_581' title='bbox 157 2727 270 2766; x_wconf 70' lang='lat' dir='ltr'>pron.</span> <span class='ocrx_word' id='word_1_582' title='bbox 296 2716 391 2763; x_wconf 64' lang='grc' dir='ltr'>αὐτῷ</span> <span class='ocrx_word' id='word_1_583' title='bbox 420 2717 464 2755; x_wconf 72' lang='lat' dir='ltr'>ad</span> <span class='ocrx_word' id='word_1_584' title='bbox 485 2714 579 2756; x_wconf 76' lang='lat' dir='ltr'>datt-</span> <span class='ocrx_word' id='word_1_585' title='bbox 600 2716 774 2766; x_wconf 69' lang='lat' dir='ltr'>particip.</span> <span class='ocrx_word' id='word_1_586' title='bbox 794 2720 899 2757; x_wconf 62' lang='grc' dir='ltr'><strong>ἕπευ..</strong></span> <span class='ocrx_word' id='word_1_587' title='bbox 922 2726 961 2758; x_wconf 74' lang='lat' dir='ltr'>et</span> <span class='ocrx_word' id='word_1_588' title='bbox 979 2722 1094 2766; x_wconf 56' lang='lat' dir='ltr'>emp„</span> <span class='ocrx_word' id='word_1_589' title='bbox 1116 2726 1195 2766; x_wconf 74' lang='lat' dir='ltr'>quo</span> <span class='ocrx_word' id='word_1_590' title='bbox 1222 2714 1428 2767; x_wconf 59' lang='lat' dir='ltr'>respexerit</span> <span class='ocrx_word' id='word_1_591' title='bbox 1455 2714 1554 2754; x_wconf 64' lang='lat' dir='ltr'>iliud</span> <span class='ocrx_word' id='word_1_592' title='bbox 1580 2724 1696 2764; x_wconf 81' lang='lat' dir='ltr'>pron.</span> 
     </span>
    </p>
   </div>
  </div>
 </body>
</html>
