1722 3086
133 100 252 165 v3798
352 89 535 140 LIBER
554 90 636 139 IV.
662 89 786 139 CAP.
807 90 841 141 1.
875 91 933 141 A.
951 93 1009 143 V.
1026 95 1076 142 C.
1096 98 1210 157 964.
1241 94 1379 145 CHR.
1402 102 1465 147 N.
1489 115 1515 149 2
1528 116 1547 151 1
1561 109 1620 152 1.'

150 212 320 270 λῆλοις.
360 208 485 261 πολὺ
514 204 566 261 ὃέ
593 208 644 260 τὸ
665 214 683 234 ⁶
715 207 920 260 ὕποπτον
954 243 1055 283 tum
1072 252 1162 302 que
1187 237 1261 286 sus
1285 238 1441 288 icionis

148 294 192 341 ἐν
226 289 410 340 ἅπασιν
447 288 467 324 f
494 283 726 356 ἐὸέςμασί
757 306 804 334 τε
847 284 919 352 καὶ
1250 255 1282 305 Ρ
1443 277 1456 300 ’

150 364 357 434 πόμασι,
392 362 460 432 μή
481 385 546 420 τις
575 365 722 414 αὐτῶν
744 372 920 434 πξολα-
954 352 1058 401 Clbo
1101 369 1153 401 30
1195 365 1334 421 Pom,
1379 370 1440 405 ΠΕ
1475 356 1688 409 alteruter

1491 243 1541 291 in
1564 234 1691 296 omni

242 497 276 535 e)
301 496 378 527 πολῦ
404 494 440 525 vrb
472 493 503 524 32
532 492 584 523 ῠπ.
609 490 664 522 Bs.
683 499 716 523 2.
727 511 739 528 ,
774 491 862 522 male
892 490 983 524 inter
1010 489 1248 531 corrigendum
1277 491 1492 536 transponas
1524 494 1685 533 vocibus.

140 542 187 583 5)
213 540 357 576 Comma
371 541 404 572 in
423 538 477 571 ed.
495 538 568 570 Bss,
585 537 629 570 al.
642 546 678 569 et
697 546 777 568 mox
795 536 931 571 Ms.Ba.
951 537 1092 576 ἐδὲςμκσὶ
1108 549 1141 567 τε
1161 536 1244 576 εἶχον
1259 543 1310 571 καὶ
1328 542 1457 580 πόμασιν
1471 549 1507 575 Λ.

144 664 298 715 analog.
350 664 447 702 Mox
476 674 514 699 v.
541 676 651 701 συνες.
681 671 790 698 tenet
807 660 886 709 Stp.
907 659 984 697 Th.
1014 670 1100 696 cum
1121 657 1199 709 syn.
1228 661 1308 699 Lat.
1333 662 1398 711 Bg.
1433 661 1602 708 (deserto
1623 661 1688 710 P.)

143 716 226 755 fine
257 715 432 755 ευξὶοτε,
467 724 580 760 quem
603 723 635 747 v.
658 711 772 749 etiam
795 709 1011 752 Dem.1nd.
1041 710 1234 752 absolute,
1277 710 1336 749 sed
1369 723 1454 750 cum
1486 712 1562 750 dat.
1589 714 1684 763 perss

144 779 306 817 quoque
335 777 393 813 ap.
414 765 500 801 Luc.
522 762 607 799 Ael.
633 762 677 799 V.
695 761 734 798 h.
765 760 883 797 Dion.
905 760 958 797 H.
977 759 1048 797 1.1.
1077 760 1128 798 T.
1150 771 1182 795 1.
1213 773 1302 800 cum
1328 762 1457 807 Suid.,
1482 775 1564 801 non
1594 764 1684 802 coll.

139 818 191 858 ad
224 815 312 855 Hes.

192 873 281 907 πολῦ
308 866 358 911 δὲ)
391 864 466 901 Ms.
486 864 548 900 Ba.
567 858 683 898 solius
705 859 852 897 novitas
873 859 1011 909 duplex
1033 858 1097 901 est,
1118 858 1239 896 levior
1261 871 1334 898 una
1353 861 1395 900 in
1415 863 1559 902 adiesto
1576 883 1593 905 ν
1624 868 1682 913 ἐφ»

138 919 194 956 nd
223 917 328 954 subst.
356 930 463 960 7052„
495 912 678 958 sequente
705 910 894 953 consona,
939 909 985 946 cf.
1011 920 1044 956 3,
1069 920 1125 955 ις,
1146 923 1181 956 4.
1202 908 1250 953 i..
1287 911 1351 950 sed
1378 913 1494 951 altera
1519 915 1684 964 gravior,

140 969 238 1006 dum
261 966 469 1003 intruditur
483 976 517 1000 ν.
529 961 646 1007 εἶχεν,
671 960 778 1010 quod
796 958 866 999 effe
882 958 1052 1009 glossema
1072 962 1175 1006 plura
1192 971 1356 1016 arguunt
1375 962 1481 1008 haec,
1505 963 1701 1013 primum,-

137 1017 252 1069 quod
273 1015 438 1053 nescitur
454 1027 473 1049 a
498 1013 587 1049 Mss.
608 1011 673 1047 rel.
703 1021 741 1046 et
765 1012 826 1052 Ρ...
854 1021 937 1047 turn
964 1009 1050 1057 quia
1071 1021 1151 1046 non
1181 1008 1291 1048 faede
1316 1012 1457 1050 excidit
1484 1026 1505 1050 a
1528 1012 1682 1058 vicinia,

141 1081 261 1119 porro
291 1065 475 1115 quoniam
503 1073 637 1098 contra
667 1059 787 1097 facilis
809 1059 859 1097 est
883 1059 1021 1108 enipfis
1048 1072 1083 1095 v.
1115 1055 1299 1103 1ὶώίὶ.ἧν,
1325 1062 1371 1100 ab
1390 1061 1476 1112 ipso
1495 1065 1533 1102 P.
1554 1074 1595 1101 et
1616 1066 1683 1114 Bg.

142 1118 329 1158 instituta,
357 1127 397 1152 et
418 1112 506 1151 alibi
526 1113 635 1159 saepe
650 1123 707 1159 ap.
722 1110 848 1148 Nostr.
862 1109 954 1147 alios
976 1121 1051 1157 que
1072 1110 1194 1151 obvia,
1221 1122 1295 1149 nec
1314 1111 1444 1150 durior
1461 1125 1547 1151 curn
1570 1127 1683 1162 pron.

139 1166 360 1209 demonstr„
386 1161 426 1209 ἦν
445 1165 586 1205 αὐτοῖς,
611 1173 683 1208 qua
705 1160 890 1197 medicina
911 1170 1074 1200 cavetur,
1103 1173 1153 1195 ne
1171 1159 1257 1209 quis
1277 1173 1387 1209 putet
1404 1175 1439 1198 v.
1457 1158 1495 1208 ἦν
1512 1163 1700 1212 ειερῐωῃι

141 1219 246 1257 intra
267 1215 404 1253 ssmiles
431 1214 586 1262 syllabas
611 1227 647 1249 ον
669 1221 707 1247 et
735 1214 793 1253 ἐν,
819 1221 885 1246 aut
913 1209 995 1257 post
1017 1207 1167 1250 ἅπασιν,
1209 1211 1330 1258 qualia
1360 1211 1522 1251 debebat
1552 1214 1680 1261 potius

143 1265 382 1305 comminisci
406 1262 596 1301 Gloffator
625 1261 685 1298 ille
707 1271 934 1309 perpetuus,
968 1271 1050 1297 non
1077 1271 1205 1297 autem
1231 1261 1292 1303 hic
1320 1262 1475 1299 crassum
1499 1262 1680 1301 infercire

137 1318 250 1358 suum
274 1315 494 1365 ingenium;
517 1311 701 1348 reddente
722 1312 808 1346 Sch.
827 1322 848 1345 e
868 1310 929 1347 sb.
949 1310 1031 1346 Ind.
1054 1309 1095 1346 in
1117 1309 1207 1350 „15ae-
1222 1309 1372 1361 suspicio
1394 1324 1530 1362 magna
1549 1313 1679 1350 circae‘ss'

141 1369 290 1407 servato
310 1366 381 1402 adi.
403 1376 443 1400 et
462 1361 582 1403 subss·.‚
610 1359 750 1409 seng.
768 1372 834 1409 per
853 1359 930 1396 duo
950 1357 1055 1397 subst.
1070 1359 1093 1395 s.
1116 1360 1282 1397 diversos
1302 1362 1404 1400 casus
1423 1364 1510 1405 eP..
1535 1374 1581 1399 ut
1596 1365 1679 1411 Stp.

139 1419 221 1456 Th.
234 1442 244 1459 ,
268 1415 336 1452 ubi
357 1411 730 1462 „frequentiffimum
748 1423 804 1457 ap.
819 1409 974 1446 Thuc.“
994 1409 1100 1446 cuius
1118 1410 1200 1447 Iud.
1214 1421 1338 1447 tamen
1360 1413 1476 1450 modo
1493 1414 1539 1450 ad
1550 1413 1679 1452 Schbl.

140 1467 310 1508 ostendit
329 1465 411 1501 loca
433 1465 531 1503 duo,
553 1472 672 1498 unum
689 1459 736 1496 de
763 1458 853 1506 pers.
880 1459 960 1507 (cui
979 1458 1063 1496 add.
1079 1468 1161 1501 218,
1183 1463 1259 1507 55.)
1287 1463 1446 1498 alterum
1473 1463 1520 1500 de
1538 1473 1678 1500 neutro

138 1517 226 1569 1³⁰st
242 1514 350 1553 subst.
366 1540 377 1557 ,
405 1526 472 1561 per
494 1523 603 1548 veros
625 1521 803 1547 numeros
822 1518 906 1556 435,
921 1521 982 1556 74.
1002 1508 1066 1546 cui
1083 1509 1167 1545 add.
1190 1521 1276 1547 cum
1296 1523 1384 1560 gen.
1405 1510 1460 1548 rei
1476 1511 1526 1548 ib.
1548 1524 1605 1561 59,
1620 1525 1678 1549 ιι.

140 1574 184 1607 τὸ
206 1566 237 1604 5,
259 1575 319 1609 τῆς
351 1561 506 1610 γνώμης,
523 1561 628 1610 suam
657 1558 773 1596 animi
798 1557 1046 1607 suspicionem,
1076 1571 1222 1607 praeter
1243 1572 1339 1608 quae
1366 1561 1486 1610 reperi
1514 1561 1559 1599 de
1584 1560 1677 1611 pers.

138 1617 331 1667 apsmd..
360 1627 438 1651 non
460 1613 548 1648 coll.
563 1611 608 1648 ad
622 1608 723 1651 Hes.¹
747 1621 804 1656 ap.
822 1609 1099 1645 Phil.absolute
1118 1621 1154 1655 p.
1168 1620 1254 1654 757.
1269 1609 1292 1645 i.
1308 1621 1346 1647 at
1366 1622 1452 1648 eum
1475 1623 1529 1659 pr.
1541 1619 1618 1659 mg}
1638 1624 1676 1660 p.
1695 1653 1698 1656 ,

135 1679 227 1714 759.
247 1669 315 1707 B.‚
349 1666 393 1702 ad
417 1665 540 1700 Onos.
569 1673 606 1709 p.
632 1670 709 1696 110.
733 1659 782 1697 N.
808 1671 864 1700 1.,
891 1671 957 1706 per
979 1658 1089 1696 lndd.
1118 1659 1212 1695 Xen.
1235 1658 1328 1707 Ἀνβ.
1360 1672 1399 1697 et
1429 1661 1560 1704 Bach„
1586 1663 1677 1700 Luc.

138 1719 203 1755 Rs.
226 1717 294 1753 Or.
316 1715 361 1750 V.
386 1726 419 1759 7.
442 1715 555 1753 Ant„
578 1709 655 1747 line
673 1709 758 1746 lnd.
785 1709 895 1745 Dem.
924 1711 1005 1749 162,
1030 1721 1084 1756 ¹9·
1118 1717 1200 1751 188,
1225 1721 1281 1746 22.
1297 1735 1308 1753 ,
1336 1710 1400 1747 sed
1419 1711 1604 1759 sequente
1628 1718 1678 1756 μῆ

138 1768 259 1807 etiam
276 1778 335 1811 ap.
358 1763 427 1801 los.
454 1775 484 1804 1,
509 1772 592 1808 443.
613 1760 633 1796 s.
658 1771 691 1796 1.
713 1772 772 1799 e..
807 1757 851 1794 it.
871 1759 917 1796 de
945 1758 1037 1795 fem.
1066 1771 1124 1806 ap.
1149 1758 1232 1795 Eur.
1256 1759 1388 1797 Elear.
1411 1771 1446 1797 v.
1470 1764 1575 1806 644..
1612 1760 1676 1799 ubi

137 1830 182 1857 et
202 1830 272 1865 pro
293 1814 399 1852 subst,
426 1814 463 1848 in
486 1823 609 1848 neutr.
629 1810 723 1858 plur.
744 1821 780 1845 v.
804 1818 909 1855 3451,
935 1818 982 1845 ut
1001 1811 1047 1845 de
1077 1822 1143 1850 re,
1173 1822 1242 1856 pro
1273 1809 1343 1846 adi.
1374 1810 1426 1848 ib.
1454 1811 1572 1849 Herc.
1601 1811 1676 1849 fur.
1690 1839 1697 1849 η,

137 1881 177 1906 v.
204 1879 309 1904 1120.
328 1864 408 1901 lnd.
432 1863 527 1900 Xen.
551 1863 637 1909 Cyr.
653 1861 763 1902 Luc..
792 1857 858 1895 ubi
882 1858 995 1894 etiarn
1014 1870 1140 1895 nentr.
1167 1871 1234 1905 pro
1252 1858 1336 1896 adv.
1350 1872 1395 1896 ex
1419 1872 1454 1903 2,
1477 1864 1563 1907 614.
1585 1860 1693 1906 l.9.‚··

138 1915 321 1967 peculiari
356 1913 502 1950 ratione
525 1910 663 1948 Nostro
693 1909 878 1957 iungente
901 1908 970 1945 adi.
992 1921 1071 1947 πολ.
1093 1921 1177 1945 cum
1207 1907 1262 1947 v‘ae.
1292 1918 1333 1946 et
1352 1910 1424 1947 hoc
1442 1922 1529 1947 cum
1549 1921 1602 1958 pr.
1628 1914 1689 1949 ἔν.”

134 1970 243 2006 Tum
274 1977 423 2002 comma
444 1962 531 1999 edd.
553 1959 785 2009 quarundam
817 1958 893 2006 post
921 1957 1031 1996 ὁπασ.
1051 1957 1187 1998 faciat,
1219 1970 1264 1996 ut
1288 1958 1457 1997 absolute
1477 1959 1570 2002 stet,
1593 1959 1692 1998 tan-'-

136 2030 252 2068 quarn
273 2027 416 2065 genus,
441 2011 503 2048 cui
523 2008 767 2047 subiiciantur
793 2006 930 2044 deinde
953 2008 1096 2044 formae
1125 2021 1247 2045 rerum
1271 2010 1386 2047 duae,
1413 2009 1460 2046 cf.
1485 2020 1520 2056 3,
1538 2023 1594 2051 12,
1615 2023 1674 2050 21.

138 2079 176 2116 3,
201 2080 257 2113 14,
286 2075 362 2106 18·‚
389 2063 480 2099 dum
507 2061 582 2097 {ine
605 2070 793 2096 commate
815 2058 929 2096 sumit
955 2056 1081 2094 omnia
1108 2057 1213 2095 fimul
1242 2060 1303 2099 P..
1329 2059 1505 2106 perverso
1525 2058 1659 2098 ordine

136 2119 201 2156 sed
224 2115 321 2153 reflo
340 2116 404 2162 Rg.
419 2138 430 2154 ‚
459 2112 565 2148 cuius
585 2121 730 2146 comma
751 2107 832 2156 post
852 2108 931 2144 Lat.
956 2106 1084 2157 suspic.
1111 2108 1229 2145 abesse
1250 2121 1335 2145 cum
1359 2110 1484 2156 poffit,
1509 2108 1651 2146 ostendi
1674 2150 1676 2157 y

137 2179 265 2206 tamen
287 2164 403 2202 etiam
426 2163 527 2198 illam
550 2159 756 2196 reffionem
780 2157 887 2194 subst.
908 2157 967 2195 ὁπ.
988 2170 1073 2194 cum
1092 2165 1161 2202 μὴ,
1188 2158 1307 2206 qualis
1329 2157 1436 2206 supra
1454 2159 1496 2195 in
1516 2159 1588 2196 adi.
1611 2172 1657 2208 ap

134 2218 229 2260 los„
257 2215 318 2252 sed
337 2214 376 2250 in
396 2226 429 2248 v.
451 2210 552 2247 affini
571 2208 772 2247 ὁποπτ-εύειν
800 2208 907 2255 supra
934 2222 964 2250 1,
986 2217 1021 2253 3,
1049 2221 1104 2254 ¹4·
1119 2233 1130 2248 ,
1155 2220 1268 2254 quam
1290 2208 1494 2246 rechonem
1516 2208 1568 2245 sui
1592 2221 1671 2246 vet·>

133 2267 176 2306 bi
199 2268 274 2302 hoc
303 2275 391 2312 ergo
415 2261 519 2298 subst.
545 2259 687 2296 retinet
717 2270 892 2306 quoque,
920 2269 962 2293 ut
984 2257 1075 2300 alia;
1100 2259 1305 2305 copulante
1331 2257 1467 2295 Nostro
1494 2258 1531 2294 in
1552 2258 1602 2308 sq.
1623 2262 1660 2296 ἐδ

134 2330 226 2354 cum
244 2330 325 2360 πομ.
350 2314 396 2350 de
418 2312 506 2352 sun,
532 2321 575 2346 ut
593 2310 674 2355 Stp.
698 2309 773 2343 Th.
789 2320 875 2344 cum
897 2307 978 2356 syn.
997 2309 1116 2352 ποτῷ,
1143 2320 1227 2345 cum
1251 2307 1450 2353 repererim
1474 2308 1589 2344 modo
1610 2321 1628 2344 a
1663 2340 1666 2342 .

132 2369 284 2405 solute,
315 2363 365 2399 cf.
395 2360 482 2399 Hes.
504 2372 590 2396 curn
613 2360 662 2395 N.
695 2357 786 2394 Poll.
812 2357 895 2393 lnd.
924 2369 1009 2393 cum
1031 2359 1147 2394 Hom.
1169 2358 1259 2394 Call.
1284 2358 1406 2404 Geop.
1434 2358 1528 2395 Xen.
1556 2359 1627 2394 Bac

132 2418 227 2455 Luc,
248 2425 287 2451 et
306 2415 373 2449 Hs.
394 2413 457 2448 Fa.
478 2409 583 2450 Aes„
608 2418 765 2445 tenente
791 2408 872 2454 Stp.
889 2408 963 2443 Th.
987 2419 1038 2443 ne
1063 2407 1216 2455 quidem
1248 2407 1288 2443 in
1316 2422 1397 2452 τομ.
1429 2407 1493 2443 ina
1526 2408 1574 2444 N.
1597 2409 1644 2446 T.
1667 2418 1687 2454 f

132 2466 202 2505 ubi
224 2477 262 2502 et
281 2459 439 2512 βρώμασι
459 2459 513 2505 καὶ
531 2456 684 2503 πᾶμασι,
713 2469 807 2506 quae
830 2456 915 2493 sunt
933 2458 1065 2494 eadem
1084 2470 1141 2506 ap.
1160 2456 1270 2504 Xiph.
1296 2459 1332 2493 S.
1355 2467 1437 2504 350,
1460 2470 1494 2501 9.
1517 2457 1557 2493 in
1578 2456 1677 2494 cibis..

129 2528 175 2553 et
190 2515 344 2564 poculis,
373 2512 533 2559 (servato
553 2518 736 2550 numer0,
761 2506 864 2544 secus
884 2518 926 2543 ac
946 2508 1011 2557 Bg.
1030 2520 1052 2543 e
1072 2507 1130 2555 P.)
1151 2505 1200 2543 cf.
1221 2506 1310 2545 Hes.
1334 2506 1437 2543 Suid.
1455 2506 1558 2545 Foes.
1579 2505 1669 2545 lud.-

133 2565 252 2603 Diod.
279 2565 315 2600 S.
336 2562 425 2600 Luc.
446 2570 485 2598 et
505 2561 586 2597 Ael.
607 2560 655 2593 V.
674 2558 712 2594 h.

184 2628 232 2677 'an'
249 2629 330 2675 τις)
356 2630 421 2676 Eg.
442 2623 635 2663 contrahit
654 2623 693 2659 in
712 2635 827 2661 unam
845 2635 980 2660 vocem
998 2634 1106 2672 pron.
1124 2640 1177 2666 τις
1197 2634 1284 2662 curn
1303 2634 1389 2671 gen.
1408 2635 1540 2672 pron„
1561 2622 1666 2661 secus
1681 2619 1689 2627 “

134 2694 178 2718 ac
195 2679 305 2722 alibi,
334 2677 382 2714 cf.
408 2689 442 2718 2,
458 2688 490 2719 ς,
514 2688 571 2722 ¹4·
601 2686 633 2715 ι,
656 2686 692 2718 4,
712 2684 791 2718 17.‚
817 2673 878 2709 hic
899 2673 987 2710 sane
1008 2673 1055 2710 ad
1076 2673 1220 2711 sensum
1240 2675 1460 2715 commode,
1486 2672 1572 2722 quia
1594 2672 1666 2710 ser-

128 2745 200 2769 ·mo
221 2729 273 2768 est
294 2727 341 2764 de
369 2726 517 2763 duobus
540 2734 706 2766 tantum,
733 2737 755 2760 e
775 2724 838 2766 1³„
863 2736 976 2772 quem
999 2723 1135 2761 deserit
1156 2724 1296 2761 rursum
1318 2723 1356 2760 in
1378 2722 1458 2771 sqq.
1481 2722 1664 2770 partiens..

128 2781 250 2820 etiam
274 2777 361 2820 Sch.
379 2777 421 2818 iu
448 2791 539 2824 „mn
568 2780 843 2814 antevertenst‘
881 2786 948 2823 per
978 2772 1060 2811 Lat.
1085 2775 1167 2823 Sep.
1189 2773 1264 2810 Th.
1288 2772 1466 2816 aliunde,
1496 2785 1567 2822 pro
1587 2782 1675 2822 quo'
