1717 3082
105 33 373 107 mmm.
400 60 527 106 CAP.
544 62 640 108 xv.
670 64 721 108 A.
736 62 851 110 v.c.
873 76 988 126 970.
1009 65 1146 114 CHR.
1159 67 1220 114 N.
1236 83 1260 115 η
1273 81 1345 128 17.
1419 85 1440 120 1
1454 88 1483 119 0
1494 87 1516 134 ς
1533 89 1559 135 ς

43 172 200 242 μάτων
227 175 557 248 σεο-ωξευμένων
576 182 620 230 ¹²¹.
651 179 732 245 ὑφ’
755 178 803 230 οὗ
838 191 1131 238 coacervatis:
1167 206 1258 256 quo
1292 191 1561 259 prohibente

45 251 311 320 κωλυόμενοι
330 260 423 310 τοῖς
445 250 604 310 ἄλλοις
626 257 802 320 ἐπιέναι,
838 262 1066 312 transitum
1108 267 1162 314 ad
1199 269 1392 333 reliquos
1413 307 1425 327 ‚
1476 269 1560 319 fin·

45 328 201 383 ἵκεις-οι
230 330 487 385 ἐπανῆλθον
516 336 576 387 εἰς
606 328 670 382 rc).
701 333 802 382 ἑαυ-
838 340 931 401 guli
960 341 1187 390 redierunt
1217 346 1264 391 in
1297 345 1371 391 sua
1406 345 1557 395 castra.

44 405 130 455 τῶν
158 401 423 477 ςξατόπεδοι
445 413 477 457 ¹¹.
512 403 605 458 ὅδὲ
623 415 802 480 Mezze?—
848 430 928 473 15.
980 423 1039 465 At
1107 417 1337 468 Macrinus
1399 423 1558 470 intelli-

46 503 134 544 νος,
184 483 353 547 συνεὶς,
409 482 473 534 ὅτι
521 486 601 533 οὐκ.
644 482 802 540 ἄλλως
836 508 973 554 gens,
1024 494 1145 541 haud
1195 497 1276 542 alia
1325 495 1379 543 de
1435 497 1558 545 causa

42 556 322 629 Ἀςτοίβανος
344 559 557 626 ἐκθύμως
577 561 624 611 τέ
652 561 797 626 μάχε-
832 569 1105 617 Artabanum
1137 570 1356 636 desperate
1389 589 1557 636 pugna·

43 656 121 685 παι
143 642 177 699 ⁹,
207 636 286 687 καὶ
309 636 534 708 πξοςμένει
555 642 590 699 Ρ,
630 639 745 688 ἀλλ’
779 635 803 696 ii
837 662 885 691 re
918 661 966 693 ac
995 662 1278 712 permanere,
1344 646 1422 694 nisi
1457 651 1558 711 quia

135 766 187 813 m)
210 768 293 800 Mss.
319 776 388 800 tres
412 771 621 812 σεσωρευμένον
631 791 642 807 ,
669 768 728 801 nifi
755 769 846 812 quod
866 769 899 802 in
928 771 993 803 Ms.
1010 771 1066 803 Vi.
1087 771 1180 803 nulla
1206 771 1369 804 distinaio
1395 772 1469 810 hic,
1494 782 1558 815 pro

43 812 113 847 Με.
130 815 192 845 Ve.
209 814 288 845 colo
311 824 388 846 cum
414 815 487 856 Stp.
505 815 566 847 rel.
589 824 624 847 et
649 816 772 857 punCto
794 816 859 848 Ms.
878 816 933 848 Ba.
954 826 1028 847 cum
1051 817 1106 847 ed.
1127 820 1163 848 A.
1182 818 1225 849 al.
1252 828 1285 849 v.
1302 818 1347 853 N,
1422 818 1461 862 n)
1488 831 1559 859 ega·

41 860 180 898 σεῦμεη
197 859 354 892 Mss.Ve.
374 869 409 892 et
418 860 471 894 Vi.
496 870 529 891 v.
548 861 595 893 N.
667 864 700 898 o)
726 862 866 894 Comma
885 861 951 892 hoc
971 862 1135 894 omittunt
1155 862 1227 895 Bas,
1241 872 1270 895 1.
1291 865 1330 895 L.
1342 871 1376 894 et
1394 863 1451 901 Ed,
1464 874 1498 895 v.
1510 864 1558 897 N.

42 907 81 947 p)
105 907 254 948 ’remmon
278 904 440 938 mendose
458 907 501 938 A.
519 904 565 937 al.
584 914 624 937 ut
641 905 754 938 Leisn.
774 905 808 937 in
825 917 871 938 rn.
888 909 931 939 A.
948 916 1015 938 utr.
1043 908 1129 945 „alii
1148 908 1267 940 rectius
1291 910 1485 951 'cenwines‘

40 1017 118 1057 olio
139 1030 299 1056 numero
320 1015 529 1065 participii,
556 1017 661 1056 relati
681 1016 729 1055 iic
756 1017 801 1055 ad
830 1031 882 1067 pr.
904 1017 1012 1056 subst.
1039 1034 1154 1064 χωμ.,
1178 1018 1268 1056 dum
1293 1032 1359 1067 per
1381 1019 1418 1056 se
1436 1019 1560 1066 lapsus

43 1067 165 1119 potest
184 1067 351 1106 incidisse
371 1067 411 1105 in
432 1073 527 1105 οἱονεὶ
549 1078 589 1105 et
609 1065 725 1111 ὄντος,
749 1068 792 1105 it.
813 1069 854 1105 in
878 1067 1013 1105 finibus
1034 1068 1202 1116 particip.
1226 1085 1268 1107 ων
1291 1079 1330 1105 et
1354 1085 1416 1112 ov,
1448 1069 1497 1107 cf.
1519 1085 1558 1114 4.

48 1129 107 1166 13,
128 1131 162 1154 2.
188 1129 228 1155 et
246 1117 397 1154 tolerari
424 1116 570 1164 tropica
596 1116 755 1166 phrafiS‚
780 1115 965 1163 κάματος,
993 1116 1055 1155 rin-b
1074 1126 1137 1154 τῶν
1162 1124 1322 1162 σωμάτων
1350 1125 1559 1166 σεσωρευμέ-

43 1184 123 1211 νον,
148 1179 278 1217 agger,
302 1181 327 1204 a
347 1168 569 1215 corporibus
588 1178 840 1209 coacervatus,
866 1180 941 1216 quo
969 1168 1069 1203 redit
1093 1167 1251 1204 brevitas
1280 1169 1316 1205 P.
1335 1181 1467 1217 aggere
1491 1181 1558 1204 ca-

42 1217 220 1255 daverum
238 1216 426 1263 εκβνιιέῖο,
453 1215 518 1264 qui
539 1228 662 1254 tamen
682 1216 863 1265 suspectus
879 1216 920 1253 fit
940 1217 1074 1253 iterum
1089 1218 1136 1253 ob
1149 1215 1356 1253 libertatem
1376 1218 1415 1253 in
1435 1228 1559 1253 trans-

42 1266 172 1316 pofitis
193 1272 226 1307 ἐν
241 1274 356 1314 μέσῃ,
384 1277 429 1303 ut
445 1264 486 1302 in
504 1265 665 1304 lefflone
683 1268 782 1315 vulg.
803 1265 900 1302 nihil
924 1266 974 1302 est
993 1265 1089 1306 vitii,
1119 1266 1241 1312 primo
1263 1265 1328 1308 iic,
1357 1266 1460 1314 quod
1480 1266 1560 1304 sae-

42 1330 92 1366 pe
117 1315 344 1365 opprimitur
371 1315 610 1364 comparandi
641 1316 702 1352 illa
723 1316 905 1363 particula
929 1315 967 1350 in
995 1314 1150 1360 tropicis
1179 1314 1321 1358 verbis,
1342 1317 1468 1363 (quale
1493 1316 1557 1352 hie

39 1367 147 1406 subst.
167 1382 272 1413 χωμ,
296 1364 480 1402 variatum
501 1377 569 1412 pro
589 1364 622 1413 §.
642 1377 696 1413 pr.
720 1367 820 1410 mg.)
837 1363 974 1401 deinde
994 1362 1080 1412 quia
1101 1362 1170 1400 adi.
1193 1368 1282 1411 δυςβ.
1306 1365 1482 1413 exquilite
1501 1365 1557 1401 se-

40 1430 128 1455 cum
149 1416 262 1453 habet
280 1428 334 1463 pr.
354 1412 440 1458 ὑπὸ,
469 1427 535 1464 per
556 1413 800 1452 variationem
820 1426 888 1462 pro
908 1425 942 1461 3,
957 1424 991 1461 3,
1009 1426 1038 1449 1.
1059 1426 1107 1450 m.
1128 1417 1292 1462 δυςβάτου
1313 1419 1366 1452 διὰ
1385 1422 1557 1457 eaba-nme.

41 1466 87 1504 ad
109 1466 255 1515 analog.
278 1477 361 1503 tum
381 1466 472 1507 Gr..
500 1462 549 1501 cf.
566 1466 661 1501 Xen.
682 1466 769 1512 Cyr.
790 1474 826 1506 8,
843 1475 879 1508 7,
901 1477 957 1499 22.
983 1467 1077 1509 τάξιν
1093 1483 1127 1491 -
1150 1463 1213 1501 ὑπὸ
1241 1470 1384 1506 κάλλους
1405 1483 1440 1492 -
1461 1461 1558 1506 &314-

39 1531 168 1564 γητον,
197 1525 281 1553 tum
302 1516 381 1552 Lat.
405 1515 585 1555 maxime,
614 1514 680 1562 qui
702 1514 819 1550 muita
848 1512 917 1549 adi.
935 1511 983 1548 fic
1009 1513 1149 1549 habent
1171 1524 1256 1549 cum
1288 1526 1340 1559 pr.
1359 1526 1384 1549 a
1401 1525 1467 1560 pro
1488 1516 1555 1556 ob,

42 1566 92 1603 cf.
115 1567 162 1604 G.
183 1566 258 1603 Th.
287 1565 354 1602 Nr.
379 1574 436 1611 33.
458 1563 510 1611 sq.
531 1576 616 1600 curn
638 1564 739 1599 Cort.
764 1564 807 1599 ad
827 1561 910 1599 San.
934 1574 970 1609 p.
993 1570 1075 1606 934·
1104 1562 1138 1598 b.
1166 1574 1214 1597 m.
1233 1561 1352 1599 Gallia
1368 1580 1406 1588 -
1423 1575 1513 1611 quae
1532 1575 1555 1599 a

38 1615 227 1666 paludibus
246 1614 345 1651 invia
367 1613 455 1661 fuit
476 1625 595 1660 „per‚
625 1612 661 1650 h.
683 1625 715 1649 e.
736 1623 888 1660 propter
917 1611 1094 1659 paludes“
1115 1622 1183 1657 pro
1205 1623 1276 1658 qua
1306 1610 1468 1647 formula
1490 1615 1557 1661 Bg..

41 1666 135 1703 adeo
155 1676 235 1700 non
254 1662 458 1700 necessario
478 1661 600 1699 sumtit
618 1662 690 1698 abl.
709 1661 834 1709 consq.
847 1686 857 1702 ,
884 1658 946 1697 sed
967 1671 1052 1696 cum
1072 1662 1151 1707 Stp.
1166 1662 1239 1696 Th.
1253 1673 1275 1695 e
1292 1660 1329 1696 P.
1350 1659 1554 1697 notionem

39 1715 196 1751 voculae
214 1718 294 1756 δυς,
319 1712 369 1749 cf.
387 1725 422 1757 4.
448 1723 479 1752 ι,
493 1723 527 1756 9.
546 1725 580 1748 e.
631 1712 829 1747 Caeterum
849 1722 928 1746 non
950 1720 1134 1757 repugno,
1159 1708 1183 1745 fi
1202 1710 1286 1756 quis
1308 1720 1438 1757 putet,
1458 1716 1554 1747 aiom

40 1776 172 1801 vocem
203 1764 253 1800 ob
281 1759 376 1805 ὄντος
401 1761 597 1803 excidisse,
637 1772 748 1809 quam
767 1759 993 1808 receperim,
1025 1758 1090 1795 ubi
1109 1759 1229 1796 Codd.
1246 1758 1308 1796 alii
1336 1771 1418 1796 eam
1444 1758 1553 1796 fimul

39 1812 246 1852 attulerint.

92 1863 148 1911 ὑφ’
175 1859 238 1909 οὗ)
264 1862 478 1909 Repetente
507 1859 642 1897 iterum
672 1858 809 1896 Nostro
832 1855 993 1905 priorem
1016 1870 1092 1893 rem
1119 1868 1182 1903 per
1206 1855 1353 1904 copiam
1373 1870 1456 1895 cum
1484 1871 1553 1894 va-

40 1913 205 1953 riatione
223 1924 287 1959 per
307 1912 387 1960 syn.
408 1923 441 1945 v.
466 1922 533 1957 pro
553 1906 585 1955 §.
607 1922 661 1957 pr.
684 1912 830 1950 ἱππικὰ,
853 1905 1008 1943 liberior
1026 1906 1073 1943 est
1091 1908 1153 1955 ng.
1175 1919 1196 1942 e
1215 1906 1254 1942 P.
1283 1904 1363 1953 (qui
1384 1918 1424 1944 et
1443 1907 1551 1946 suum

32 1964 118 2017 scil.
141 1964 273 2000 iterum
292 1958 456 2001 infercit,
476 1958 524 1996 cf.
538 1957 570 2006 §
582 1964 632 2003 9.)
662 1958 828 1995 retinens
849 1958 928 1992 Lat.
950 1957 994 1993 ad
1013 1961 1093 1993 ἀλλ.
1108 1979 1119 1996 ,
1147 1955 1209 1991 hic
1228 1967 1296 2002 pro
1318 1955 1351 2000 §.
1371 1968 1425 2004 pr.
1445 1954 1553 2000 ἀλλή-

41 2027 132 2056 λοις,
158 2023 198 2049 et
212 2024 280 2060 pro
298 2008 464 2058 reliquis,
486 2018 630 2056 praeter
649 2007 703 2044 sui
724 2005 908 2044 exercitus
927 2004 1114 2046 homines,
1137 2004 1160 2040 i.
1173 2016 1205 2040 e.
1225 2005 1401 2046 hostibus,
1426 2008 1554 2053 (quor-

38 2063 121 2101 sum
143 2063 272 2099 tendat
301 2059 426 2097 Leisn.
457 2057 497 2094 in
516 2070 563 2094 m.
586 2059 657 2094 Ox.
688 2059 769 2097 „ad
786 2056 957 2104 reliquos,
979 2054 1054 2093 scil.
1084 2052 1257 2090 homines
1282 2053 1479 2101 tranfiren)
1506 2068 1552 2111 με

38 2114 106 2151 hic
126 2125 159 2148 v.
181 2116 233 2149 ἐκ.
258 2110 436 2146 variatum
457 2120 524 2155 pro
547 2110 657 2153 δικτς.
680 2105 744 2148 ib„
772 2105 954 2142 reddente
976 2116 1046 2145 me,
1071 2118 1094 2138 a
1114 2116 1180 2152 quo
1199 2104 1373 2150 impediti
1392 2105 1552 2152 transire

37 2163 86 2201 ad
105 2163 170 2199 rel.
188 2160 211 2197 s.
231 2161 403 2197 invadere
420 2158 582 2206 reliquos.
635 2158 676 2192 In
692 2156 742 2203 sq.
762 2155 930 2191 membro
949 2153 1070 2201 (quod
1091 2151 1209 2200 ipsum
1229 2151 1388 2189 variatur
1407 2165 1494 2190 cum
1514 2153 1549 2200 §.

44 2225 102 2251 ιο.
121 2225 155 2249 e.
184 2210 224 2248 in
245 2221 353 2258 pron.
383 2207 532 2254 ἑκάτεροι
550 2206 601 2252 Α.)
628 2203 792 2242 severius
812 2205 851 2240 P.
871 2203 912 2239 in
931 2208 977 2243 εἰς
1002 2220 1033 2240 τ.
1059 2202 1087 2239 ἕ.
1109 2202 1166 2238 sed
1193 2202 1277 2237 Mss.
1297 2202 1467 2250 glossema
1485 2202 1549 2240 in-

39 2262 164 2311 eptius
183 2259 256 2301 est.
285 2270 395 2307 quam
416 2270 451 2302 4,
473 2267 507 2303 3,
530 2264 585 2302 13.
611 2268 646 2301 4,
674 2267 731 2298 12,
759 2267 807 2295 1.‚
833 2254 877 2290 ad
897 2251 1115 2288 variandum
1146 2251 1221 2287 scil.
1246 2261 1329 2285 cum
1358 2251 1425 2287 isto
1446 2253 1550 2294 loco,

38 2324 125 2349 cum
146 2316 318 2358 ςρίετενμα
337 2304 518 2356 fignificet
536 2304 650 2342 modo
668 2301 841 2353 personas
859 2302 883 2338 s.
905 2302 1136 2342 exercitum.
1163 2312 1244 2337 non
1261 2299 1354 2338 item
1370 2299 1475 2337 fimul
1492 2301 1551 2339 lo-

39 2373 154 2404 cum,
181 2371 292 2409 quern
316 2368 355 2394 et
374 2359 410 2393 Ρ.
432 2366 552 2392 tenet.

85 2427 218 2472 συνεὶς)
247 2425 289 2461 In
320 2424 393 2460 hoc
415 2435 448 2458 v.
470 2423 574 2468 (cum
595 2417 649 2457 ἔτι
676 2429 831 2467 quoque
857 2428 913 2464 ap.
935 2415 1110 2452 Aristaen.
1138 2428 1173 2470 p.
1197 2423 1276 2455 138.
1299 2414 1339 2458 i.)
1363 2416 1428 2463 Bg.
1448 2414 1550 2453 seve.

37 2478 135 2520 rior,
163 2487 273 2525 quam
293 2473 395 2521 supra
417 2486 452 2518 4,
471 2483 502 2516 5,
524 2482 580 2508 ιι.
601 2469 650 2505 cf,
665 2479 698 2515 3,
721 2478 754 2515 3,
780 2478 833 2513 13.
853 2466 899 2503 ad
921 2466 984 2506 P„
1010 2478 1031 2502 e
1055 2478 1129 2520 quo
1151 2465 1216 2520 ilie
1234 2464 1278 2500 ad
1299 2462 1348 2511 sq.
1367 2468 1471 2508 aaz„
1496 2465 1547 2502 cf.

34 2528 127 2567 Abr.
147 2527 193 2562 ad
213 2523 346 2562 Aesch.
372 2534 399 2564 r,
421 2531 504 2566 455.
522 2532 554 2555 e.
585 2516 624 2556 it.
645 2518 752 2562 supra
775 2530 805 2558 1,
826 2529 859 2558 2,
880 2525 914 2556 8.
966 2515 1038 2549 Sed
1059 2515 1182 2551 Leisn.
1205 2526 1244 2549 in
1265 2512 1316 2560 sq.
1336 2512 1380 2548 ad
1399 2526 1450 2568 m.
1473 2515 1547 2551 Μς,

36 2580 104 2626 Bg.
129 2574 304 2615 „omittit
326 2571 379 2611 rm?
400 2575 610 2617 τςοςμὲνειίῑ
630 2565 795 2604 restituta
818 2578 836 2600 a
859 2563 969 2601 nobis
989 2563 1131 2606 statim,
1159 2575 1241 2599 cum
1261 2573 1427 2598 tenuerit
1449 2573 1487 2599 et
1507 2566 1549 2599 P.

36 2627 193 2673 oblique
209 2624 246 2659 in
263 2622 345 2658 adV.
377 2629 480 2661 „tam
504 2618 634 2653 acriter
659 2630 701 2651 ac
726 2614 969 2662 pertinaciter
985 2619 1175 2660 pugnare“
1199 2610 1302 2647 unde
1326 2611 1412 2646 Sch.
1438 2623 1550 2651 „con-

27 2675 133 2725 stans
160 2673 185 2710 s.
201 2671 368 2720 pertinax
388 2668 435 2717 est
459 2669 496 2704 in
517 2673 670 2715 pugna«
699 2665 762 2701 ubi
784 2664 917 2701 Noster
938 2661 983 2698 de
1004 2661 1069 2697 suo
1089 2661 1130 2698 in
1151 2660 1332 2698 reffione.
1358 2661 1405 2697 de
1432 2660 1549 2702 hoste,

32 2737 105 2776 pro
134 2734 283 2761 manere
310 2719 353 2757 iu
371 2729 503 2766 campo
531 2727 601 2754 nec
619 2714 755 2752 cedere
772 2726 826 2758 gae
850 2723 954 2761 terga
978 2721 1148 2753 vertere,
1173 2708 1224 2745 cf.
1248 2710 1289 2745 1..
1312 2708 1363 2746 N.
1386 2709 1432 2745 T.
1460 2722 1547 2747 curn
