1717 3082
96 169 357 230 [LIBERII.
394 170 521 216 CAP.
550 169 624 214 IX.
657 167 784 216 A.V.
807 167 858 214 C.
886 165 1009 224 946.
1042 168 1260 216 CHR.N.
1289 178 1405 225 193.
1452 172 1550 224 285

45 282 231 352 γνώμην,
258 280 453 354 ἐλπίζων
476 283 535 345 τὲ,
559 283 668 350 θείᾳ,
692 303 793 352 πςο-
831 290 916 334 mis
940 288 1217 353 speransque,
1241 288 1281 335 se
1298 287 1440 336 divina
1454 305 1560 353 pro·

46 363 136 429 νοῖᾳ
149 361 224 412 ἐπ’)
244 357 779 430 rqugffivqnoeAs'co-Sm,
820 374 1014 421 videntia
1057 373 1110 420 ad
1151 377 1388 440 imperium
1433 394 1557 424 voca-

71 440 81 453 ,
132 435 146 451 ,
349 440 359 452 ,
459 443 482 454 Ν
609 437 630 446 e
736 436 758 446 Ν

44 458 298 525 αποπειςῗν
344 456 532 526 ‘viuum
577 456 670 527 ‘mcx
698 456 779 524 “⁶²3''
815 468 879 522 ri,
924 466 1227 533 experiebatur
1248 468 1438 516 militum
1465 471 1558 518 ani-

43 534 293 584 ςξατιωτων
329 533 506 579 ’γνωμης
530 523 569 571 Γ,
611 533 674 560 τοι
703 532 780 574 μεν

42 592 206 659 ‘nge-”rm
227 591 329 639 κατ’
360 590 538 653 ὀλίγους
550 585 585 649 s,
620 586 776 653 ἦγεμό-
1234 656 1241 663 .
1507 657 1515 664 .

44 686 121 720 νας
133 665 181 715 τὲ
197 663 584 734 mixchidgxac‘,
617 663 717 718 τούς
729 683 776 712 τε
815 654 935 701 latim
959 655 1090 702 duces
1116 671 1164 701 ac
1191 654 1392 701 tribunos
1427 667 1470 701 et
1504 671 1554 704 m

41 744 83 792 ἐν
107 747 201 797 τοῖς
221 737 512 810 ςςατοπέὸοις
527 739 781 808 ἐξέχοντας,
818 745 1078 793 exercitibus
1123 748 1435 794 eminentiores
1477 747 1555 796 fibi

815 578 938 608 mos:
996 562 1144 626 primo
1185 561 1364 624 quidem
1407 560 1556 624 singu-

130 872 170 915 q)
194 871 276 904 Μεε.
294 880 363 904 tres
381 884 414 904 τ.
431 874 505 916 dex.
524 873 612 903 αὐτ-δν
629 880 720 908 ηομ,
746 879 785 902 ut
802 872 845 903 A.
862 872 896 904 B.
915 879 950 901 et
970 870 1038 902 Par.
1051 892 1062 908 ,
1094 881 1130 904 v.
1150 872 1198 904 N.
1276 875 1302 910 r)
1325 872 1399 903 Hoc
1424 882 1558 907 comme

41 915 74 947 in
96 917 127 948 B.
146 926 180 950 2.
206 927 268 959 pro
290 917 368 947 colo
393 916 465 958 Stp.
487 917 570 953 rel..
594 927 627 948 et
648 917 770 958 pun-sto
786 916 831 947 al.
902 915 942 960 s)
965 917 1040 948 Hoc
1061 926 1191 948 comma
1208 916 1244 948 in
1261 919 1333 958 Stp.
1351 917 1435 955 tel„
1461 919 1503 950 cf.
1517 928 1553 956 2.

40 968 76 1004 7,
98 968 153 996 ¹0.
224 961 255 1009 t)
281 962 346 994 Ms-
364 962 421 995 Ba.
438 965 637 1006 χιλιάρχους·
663 971 698 993 v.
714 961 762 993 N.

86 1072 167 1117 θείᾳ
183 1069 295 1116 ηραν.)
315 1069 411 1104 Ven.
430 1064 626 1113 &madriu
641 1079 719 1104 καλ.
739 1066 842 1114 quod
861 1078 992 1102 verum
1011 1077 1131 1114 puto,
1156 1065 1248 1104 licet
1264 1066 1364 1104 haud
1374 1067 1466 1105 adeo
1478 1067 1554 1117 pla.

38 1130 121 1156 teat
140 1118 231 1156 illud
251 1115 364 1155 aea-dv.
392 1116 530 1152 Stroth.

139 1169 228 1204 Mss.
252 1177 360 1213 pron.
378 1165 504 1207 αὐτὼ,
537 1175 623 1200 ante
643 1164 714 1200 inf.
734 1176 809 1202 καλ.
831 1164 911 1212 post
931 1177 963 1202 v.
990 1169 1065 1202 e’m.
1092 1164 1276 1213 positum,
1312 1178 1378 1214 pro
1405 1166 1508 1206 αὖτὸν
1527 1167 1554 1206 s.

38 1215 184 1259 ἕαυτδν,
219 1214 284 1252 etsi
303 1214 425 1262 potest
443 1212 615 1250 excidisse
635 1215 684 1250 ob
708 1226 758 1261 pr.
784 1226 914 1250 vocem
933 1219 1061 1259 ἀρχὴν,
1095 1227 1133 1251 et
1151 1215 1357 1253 ostenditur
1378 1217 1438 1252 hic
1471 1231 1553 1256 non

35 1274 183 1303 tantum
201 1278 220 1301 a
240 1264 280 1300 P.
299 1275 337 1300 et
355 1262 445 1298 hinc
462 1275 482 1298 a
499 1265 589 1311 Bg.,
621 1262 683 1300 sed
713 1263 826 1299 etiam
857 1263 896 1299 in
927 1264 1011 1300 edd.
1033 1263 1276 1313 quibusdam,
1319 1279 1442 1303 tamen
1473 1280 1554 1311 non,

35 1313 170 1362 cupide
189 1312 440 1360 arripiendum
461 1311 634 1352 videtur,
670 1313 755 1360 quia
776 1312 897 1359 primo
919 1314 1052 1351 Noster
1078 1314 1163 1351 alibi
1185 1316 1295 1351 etiam
1316 1328 1398 1352 cum
1420 1329 1453 1350 v.
1474 1322 1554 1356 έλπ.

34 1364 75 1404 id
102 1376 210 1412 pron.
230 1361 399 1404 omittit,
431 1373 474 1399 ut
490 1361 570 1398 Lat.
590 1361 789 1409 scriptores
809 1361 848 1398 in
869 1375 902 1398 v.
917 1363 1091 1412 sperare,
1121 1363 1261 1401 deinde
1279 1365 1464 1402 Glossator
1482 1367 1553 1404 ali·

34 1413 119 1463 quis
137 1411 179 1450 in
197 1423 309 1461 marg.
333 1411 461 1459 potuit
478 1409 654 1448 addidisse
674 1412 712 1448 id
725 1438 736 1454 ,
769 1412 871 1448 unde
890 1411 928 1448 in
950 1424 1095 1449 textum
1114 1414 1263 1451 venerit
1285 1412 1462 1462 deinceps
1475 1441 1484 1458 ,
1511 1427 1552 1454 et

33 1464 75 1502 Ρ.
95 1459 264 1500 habuerit
285 1460 326 1498 in
349 1461 446 1497 eod.
465 1459 531 1496 suo
545 1487 555 1501 ‚
585 1461 648 1508 qui
677 1461 783 1509 saepe
813 1462 1002 1498 consentit
1030 1475 1113 1500 cum
1133 1465 1222 1500 Mss.
1241 1465 1398 1506 nostris,
1434 1477 1552 1512 quan·

33 1525 144 1562 quam
163 1512 263 1549 idem
285 1509 413 1558 potuit
430 1509 651 1557 supplevisse
669 1510 732 1548 hic
751 1509 888 1552 libere,
923 1523 966 1548 uc
991 1510 1078 1548 alias
1107 1513 1198 1550 fecit
1227 1526 1310 1550 cum
1332 1513 1553 1561 Bg.‚'deni-

34 1574 109 1610 que
126 1561 213 1610 quia
232 1573 256 1598 e
274 1559 369 1597 Cod.
389 1559 515 1608 aliquo
534 1558 581 1595 sic
597 1560 828 1607 interpolato
851 1563 894 1598 ab
905 1561 984 1597 Ald.
1008 1562 1127 1608 potest
1146 1563 1297 1600 duflum
1320 1563 1402 1599 effe.
1454 1567 1497 1601 In
1510 1577 1548 1600 v.

32 1624 112 1651 καλ.
133 1611 174 1648 Ρ.
195 1608 334 1648 deserit
349 1611 438 1657 Eg..
469 1620 533 1651 et.
563 1611 687 1656 quoad
704 1610 929 1647 sententiam
949 1624 1122 1651 omnem.
1157 1612 1317 1648 innuere
1337 1613 1470 1649 Noster
1492 1613 1550 1651 di-

29 1660 162 1698 vinum
182 1658 276 1709 quid
299 1657 446 1695 videtur
463 1669 546 1695 tum
566 1659 605 1694 in
624 1658 799 1703 somniis,
835 1672 917 1696 tum
938 1660 976 1696 in
999 1661 1182 1703 oraculis,
1210 1660 1259 1698 cf.
1287 1662 1319 1710 §.
1340 1675 1374 1708 4.
1389 1688 1398 1704 ,
1426 1663 1484 1699 sed
1506 1665 1548 1701 in

31 1708 204 1748 formulis
221 1707 345 1745 scribit
365 1720 432 1754 per
450 1710 488 1745 3.
509 1724 567 1752 πρ.
588 1720 673 1744 cum
694 1709 790 1745 Phil.
809 1709 848 1746 in
871 1711 922 1745 Fl.
945 1723 977 1756 p.
995 1714 1076 1754 760.
1097 1724 1127 1747 e.
1155 1710 1194 1746 it.
1215 1712 1329 1748 Dion.
1344 1713 1392 1748 H.
1407 1714 1443 1748 S.
1463 1715 1547 1750 lnd.

31 1761 80 1798 T.
103 1772 134 1797 1.
153 1771 187 1796 v.
205 1762 242 1797 3.
263 1757 327 1793 ubi
347 1768 389 1793 et
408 1767 493 1792 cum
512 1757 614 1793 artic.
635 1764 697 1798 τὴν
715 1760 751 1795 ,9-
773 1774 830 1805 ng.
849 1770 888 1795 et
909 1758 988 1806 syn.
1015 1764 1106 1796 κατὰ
1124 1762 1158 1798 ,9.
1179 1776 1258 1806 πμ,
1286 1760 1401 1797 Diod.
1424 1764 1459 1798 S.
1481 1775 1548 1810 pet

30 1820 164 1858 pravos
184 1818 385 1848 numeros,
421 1805 483 1842 sed
506 1806 545 1842 in
567 1818 601 1841 v.
625 1819 701 1843 καλ.
721 1820 804 1843 cum
824 1820 876 1854 pr.
894 1813 947 1845 ἐπὶ
969 1808 1170 1845 secundum
1193 1808 1296 1852 alios,
1320 1823 1358 1851 ν.,
1374 1823 1406 1853 1,
1425 1824 1460 1854 9,
1486 1822 1547 1848 20.

28 1907 198 1948 incitari.
234 1918 310 1953 quo
335 1914 373 1940 et
391 1904 490 1941 redit
507 1904 547 1939 P.
562 1927 574 1944 ‚
601 1904 663 1941 ubi
682 1904 837 1942 fortaffis
857 1919 895 1943 et
916 1907 965 1943 est
983 1909 1063 1943 Lat.
1081 1908 1194 1954 quid,
1221 1908 1272 1945 cf.
1285 1909 1330 1945 G.
1343 1910 1415 1946 Th.
1428 1910 1545 1960 int.

24 1969 62 1996 v.
87 1967 194 2000 1105,
213 1966 271 1999 77.
294 1956 353 1993 86.
370 1964 428 1997 99.
449 1966 484 2000 p.
503 1953 553 2001 sq.
577 1955 599 1989 l.
624 1965 679 2000 33,

73 2011 180 2045 ἄποπ.
196 2005 267 2048 ἐπ.)
295 2004 376 2038 Una
405 2015 500 2038 voce
526 2005 779 2049 ἀποπειρᾶσθαι
808 2005 902 2041 Xen.
927 2006 1018 2041 Oec.
1043 2016 1078 2053 3,
1096 2019 1131 2050 7.
1155 2005 1274 2044 Leisn.
1310 2006 1354 2043 ad
1376 2022 1424 2044 m.
1452 2011 1544 2052 Ox...

25 2066 72 2095 ut
91 2053 289 2091 formulam
308 2064 373 2098 per
392 2064 425 2086 v.
447 2052 591 2098 privum
615 2053 765 2089 resolvit
784 2054 820 2092 P.
834 2080 844 2094 ,
874 2067 954 2090 tum
976 2057 1038 2102 Eg.
1058 2068 1123 2102 per
1143 2056 1245 2105 syn.,
1271 2067 1310 2092 at
1321 2057 1400 2105 Stp.
1420 2059 1491 2094 Th.
1508 2069 1543 2105 ς,

31 2116 115 2149 157.
137 2106 173 2139 Β.
200 2106 444 2147 »ἄπιθι-μάσω,
471 2100 495 2138 ἱ.
510 2114 547 2149 q.
571 2102 757 2148 ἀπόπειραν
780 2106 936 2148 werham
960 2105 984 2140 s.
1010 2110 1194 2149 λαμβάνω,
1221 2108 1276 2151 (et
1301 2119 1378 2152 154.
1391 2108 1460 2150 D.)
1478 2113 1545 2147 ⁶²22·-

29 2149 240 2194 „racadu
263 2162 319 2197 ap.
342 2149 528 2188 Herodi.“
555 2149 630 2186 fine
650 2153 759 2194 loco,
792 2165 875 2190 cum
894 2155 974 2190 Lar.
996 2154 1033 2188 Ρ.
1057 2165 1095 2190 et
1114 2157 1176 2202 ssg.
1204 2165 1244 2192 et
1273 2155 1395 2193 severa
1425 2154 1543 2204 phrasi

25 2203 221 2254 periculum
231 2200 384 2248 facere,
421 2200 480 2237 sed
499 2213 520 2237 e
540 2200 619 2236 solo
639 2201 792 2238 Nostro.
827 2202 876 2240 cf.
903 2213 1028 2239 tamen
1058 2204 1183 2241 Herdt.
1203 2209 1289 2252 623,
1311 2218 1366 2242 22.
1387 2218 1471 2242 cum
1493 2207 1544 2244 N.

27 2250 109 2291 lnd.
131 2251 242 2287 Dem.
269 2249 374 2287 Polb.
392 2248 494 2284 Suid.
512 2263 540 2290 ι,
563 2259 685 2293 289.e.
713 2261 747 2297 3,
766 2255 842 2287 106.
861 2266 892 2287 e.
917 2265 951 2299 p.
969 2252 1019 2300 sq.
1042 2252 1067 2289 i.
1086 2266 1126 2289 et
1148 2253 1253 2301 supra
1273 2256 1315 2291 ad
1342 2256 1545 2298 i,8,10.i..

27 2300 194 2338 variante
214 2297 347 2336 Nostro
364 2310 448 2335 cum
470 2311 503 2340 2,
526 2312 558 2340 2,
586 2312 614 2334 ι.
633 2304 752 2347 πεῖραν
770 2310 831 2344 τῆς
849 2310 990 2346 γωνιῶν
1012 2316 1063 2347 5?-
1082 2308 1199 2349 λαβεῖν
1216 2315 1361 2340 tantum
1376 2317 1440 2351 per
1459 2305 1542 2354 syn.

26 2363 62 2387 v.
84 2359 125 2386 et
151 2346 256 2386 subst.
284 2347 475 2394 compos..
509 2348 619 2384 etiam
644 2350 920 2397 quodammodo
949 2364 1030 2387 cum
1056 2364 1086 2393 ε,
1107 2361 1139 2392 8.
1165 2364 1195 2395 5.
1217 2368 1316 2390 πευσ.
1336 2366 1392 2395 a„
1425 2367 1542 2402 porro

23 2399 66 2438 in
83 2407 142 2440 τῆς
160 2416 193 2436 τ.
211 2413 250 2444 ee
278 2411 331 2442 γν.
353 2409 416 2444 per
438 2395 608 2435 ordinem
632 2411 767 2436 vocum
787 2411 826 2437 et
843 2402 1083 2437 articulorum
1103 2414 1187 2437 cum
1210 2415 1243 2442 2,
1266 2414 1299 2445 7.
1322 2416 1355 2447 4.
1377 2415 1425 2439 m.
1439 2429 1449 2442 .
1475 2403 1541 2440 sed

24 2448 69 2487 in
84 2447 148 2496 sqq
181 2459 264 2483 cum
285 2460 318 2488 2,
337 2458 369 2489 7,
395 2457 448 2481 ιο.
471 2446 627 2493 primum
645 2447 681 2483 in
706 2448 784 2497 syn.
806 2449 979 2486 adiunfto
998 2455 1029 2487 ἐν
1050 2467 1081 2486 τ.
1105 2466 1154 2496 5?-
1174 2451 1219 2486 ad
1239 2455 1403 2496 ν.ἐξεχ.,
1429 2453 1541 2489 dein-

25 2498 73 2535 de
93 2495 130 2532 in
154 2496 227 2544 syn.
252 2494 356 2532 subst.
375 2509 447 2540 χιΛ.
467 2496 558 2532 alius
574 2496 860 2536 declinationis,
896 2499 958 2534 ubi
981 2500 1055 2535 Ms.
1074 2499 1244 2536 librarius
1275 2513 1389 2547 aeque
1417 2501 1540 2549 potest

52 2559 91 2583 er
109 2544 256 2594 glossam
273 2545 494 2592 comparasse
515 2546 614 2582 istius
636 2547 708 2582 loci
729 2548 1021 2585 declinationem
1037 2574 1048 2588 ‚
1083 2562 1124 2584 ac
1154 2550 1272 2595 lapsus
1291 2550 1361 2585 esse
1391 2550 1428 2586 in
1454 2550 1540 2587 fini-

22 2560 93 2634 ξος
120 2605 160 2631 ct
188 2594 399 2634 vocalibus;
446 2607 613 2640 ponente
641 2601 716 2640 Stp.
749 2599 815 2632 rh.
843 2598 1136 2634 declinationem
1171 2597 1293 2635 Nostri
1328 2599 1421 2634 hanc
1459 2599 1537 2640 line

24 2644 192 2686 mesore,
219 2643 279 2680 sed
301 2643 380 2680 lnd.
404 2645 464 2681 sb.
486 2654 629 2681 tantum
650 2659 671 2681 e
693 2646 843 2686 Nostro,
867 2647 1030 2694 agnicam
1053 2647 1202 2693 quidem
1226 2646 1365 2683 etiamn
1380 2649 1419 2685 L.
1434 2650 1540 2692 Era,

21 2694 84 2732 sed
111 2705 185 2729 non
206 2703 389 2740 repertam
410 2706 427 2728 a
447 2705 504 2737 me
525 2693 656 2731 iterum
678 2707 741 2740 per
755 2695 861 2731 lndd.
875 2720 884 2735 ‚
910 2708 1038 2732 verum
1053 2697 1203 2732 alteram
1217 2699 1343 2740 modo,
1373 2699 1418 2734 cf.
1432 2699 1535 2736 Suid.

21 2742 111 2781 Hes.
138 2744 179 2780 L.
203 2743 253 2779 N.
273 2742 322 2778 Τ.
355 2741 447 2780 Χειι.
470 2743 575 2778 Bach.
599 2756 637 2779 et
658 2746 744 2792 Cyr.
771 2746 851 2780 Ael.
877 2744 923 2780 V.
943 2745 979 2780 h.
1009 2746 1183 2787 Di0n2H.
1206 2748 1240 2781 S.
1256 2747 1299 2782 T.
1316 2758 1345 2782 ι.
1368 2748 1535 2785 etDiod.

20 2792 82 2836 S..
114 2793 160 2830 ad
175 2803 288 2842 quem
305 2791 410 2829 ulum
427 2790 725 2839 frequentiorem
744 2793 931 2832 Gloffator
949 2794 1014 2832 ille
1036 2795 1148 2833 etiam
1168 2795 1388 2845 respexerit5
1414 2797 1534 2847 negli-

29 1872 88 1900 ο..
123 1869 274 1895 tacente
292 1856 370 1902 Stp.
387 1855 460 1890 Th.
484 1855 523 1890 in
545 1854 627 1901 pass.
648 1868 683 1890 v.
704 1868 778 1893 καλ.
799 1856 845 1893 de
867 1857 1014 1905 tropico
1037 1860 1109 1894 hoc
1129 1858 1253 1901 sensu,
1291 1872 1357 1905 pro
1381 1859 1548 1904 invitari,
1612 1877 1616 1881 ·
