1687 3137
574 146 1030 194 EPIs-TOLA.
1500 163 1573 203 xv

35 279 137 309 ,mm
152 264 233 307 3153
241 262 383 319 ‚pueris
401 272 520 315 atque
537 260 742 301 iuvenibus
761 260 945 301 vertendi
962 261 1156 302 rationem
1175 270 1259 302 tum
1280 260 1468 314 severam,
1487 275 1577 308 tum

45 324 212 373 variam,
238 333 345 363 certe
361 320 526 361 Latinae
542 318 753 358 verborum
773 319 910 370 copiae
938 319 1043 357 illam
1064 316 1357 371 inservituram,
1386 334 1464 360 una
1483 332 1576 364 cum

45 379 202 436 legibus
221 393 265 419 ac
285 376 425 429 modis,
455 374 596 428 quibus
616 375 757 415 deceat
777 374 888 415 reddi
913 375 1146 416 vocabulum
1165 375 1362 429 quodque,

156 450 269 493 Nosti
296 452 405 491 enim
429 461 470 489 et
486 448 583 499 hoc,
608 448 863 490 Dilefflssirne
890 449 1043 499 Frater,
1075 461 1192 500 quam
1212 450 1320 490 leves
1348 449 1422 490 fint
1452 451 1578 494 hodie

45 511 201 551 celeres
217 519 297 561 que
317 509 576 559 interpretes,
606 517 650 544 ut
677 518 760 545 non
780 505 849 544 diu
865 505 1044 558 cogitent
1065 504 1116 545 de
1137 505 1259 546 verbo
1273 538 1284 555 ‚
1310 520 1387 559 quo
1407 519 1582 559 vertant,

48 569 147 617 alio,
171 566 237 605 alii
257 562 543 618 respondente,
572 563 754 615 proprio,
781 563 927 610 vicino,
958 559 1026 601 sed
1058 560 1177 614 saepe
1199 561 1367 603 scribant
1393 578 1582 614 numero,

49 623 159 677 quod
174 623 344 675 primum
363 622 406 660 in
423 631 602 673 mentem
622 620 774 669 veniat,
802 631 938 657 verum
958 617 1204 670 praesertim,
1231 631 1482 673 quantopere
1505 636 1579 663 ne-

50 681 207 735 gligant
224 679 464 719 Graecarum
482 676 759 728 particularum
775 676 853 714 vim
880 685 1001 727 atque
1029 677 1248 716 notionem.

162 738 212 776 In
231 747 350 788 quam
371 745 523 786 partem
547 741 630 772 non
652 731 863 771 admodum
883 729 997 782 saepe
1019 745 1140 771 novus
1161 734 1333 785 peccavit
1353 735 1583 775 Herodiani²

47 791 246 844 interpres
263 792 494 844 Berglerus‚
521 789 624 829 liber
641 790 708 828 ille
727 790 839 828 aliter
869 787 1068 827 interdum
1086 800 1240 840 tamen,
1271 804 1493 843 quanquam
1514 804 1581 832 ve·

49 847 252 889 recundus
271 860 366 899 prae
384 856 522 886 vetere
548 846 752 884 Politiano.
811 845 857 884 In
875 857 1044 897 quorum
1061 846 1457 897 interpretationibus
1482 849 1584 887 diiu-

53 904 227 945 ditandis
249 912 338 945 cum
366 916 484 955 opera
510 912 722 954 occupetur
743 900 872 940 nostra
900 901 1068 950 pariter:
1097 903 1260 942 Latinae
1289 904 1386 943 item
1413 905 1583 958 linguae

53 959 281 1002 facultatem
301 957 470 1000 adiutam
489 959 744 1010 experientur
764 957 877 1009 pueri
896 954 999 995 suam
1012 988 1022 1006 ‚
1051 968 1347 1011 praeterquam,
1377 961 1481 1014 quod
1510 961 1583 1002 ob-

53 1017 216 1058 leuatus
239 1014 278 1055 se
297 1014 485 1064 sentiant,
512 1026 600 1053 cum
618 1013 796 1061 videant,
824 1025 901 1064 qua
923 1022 1006 1051 arte
1026 1026 1067 1052 et
1093 1014 1198 1066 quasi
1221 1016 1431 1057 calliditate
1452 1020 1584 1058 Hero-

54 1073 191 1112 dianus
206 1071 458 1111 Latinitatem
478 1070 698 1108 contexerit
710 1069 871 1109 Graecis
890 1069 1072 1119 vestibus,
1095 1072 1213 1110 etiam
1232 1071 1335 1112 furta
1354 1072 1417 1113 sua
1437 1085 1478 1113 et
1495 1075 1586 1115 imi-

49 1137 242 1168 tamenta.
295 1127 469 1166 Suavitas
498 1127 697 1165 exorietur
722 1126 900 1178 voluptas
928 1139 1007 1179 que
1031 1126 1160 1168 fimilis
1188 1128 1271 1179 isti,
1301 1142 1392 1170 cum
1411 1132 1516 1171 inter
1538 1129 1588 1173 se

56 1193 252 1224 certantes
268 1183 312 1222 in
329 1182 426 1222 locis
443 1195 486 1221 ac
504 1182 622 1222 rebus
639 1182 850 1235 pingendis
871 1182 1153 1224 animadvertas
1172 1190 1305 1237 poetas
1317 1218 1326 1236 ‚
1357 1198 1398 1227 et
1416 1189 1584 1229 varieta-

55 1251 140 1281 tem
160 1240 313 1294 ingenii
331 1239 484 1292 copiam
501 1253 592 1291 que,
624 1251 664 1278 et
681 1238 915 1278 inveniendi
934 1251 1051 1293 atque
1067 1242 1285 1294 eloquendi
1306 1245 1535 1286 novitatem.

166 1312 248 1354 Sed
266 1310 365 1352 haec
381 1323 422 1352 et
440 1313 533 1362 alia,
557 1323 600 1352 ut
624 1311 798 1353 Scheidii
815 1314 981 1352 aliorum
999 1327 1049 1353 ve
1069 1313 1284 1356 Verfiones
1302 1313 1478 1358 locorum
1499 1326 1592 1360 cer-1

52 1377 206 1420 torum,
233 1365 469 1424 cognoscere
492 1382 574 1409 non
596 1381 713 1408 avent
735 1370 850 1421 pueri
870 1382 987 1423 atque
1007 1371 1189 1419 iuvenes,
1218 1372 1287 1412 nifi
1305 1373 1444 1425 quibus
1461 1377 1586 1430 magi-

54 1425 122 1467 stri
146 1426 401 1480 contigerunt
417 1425 537 1475 boni,
564 1426 692 1466 Rostio
714 1434 755 1466 e't
774 1426 889 1476 Tibi,
921 1427 976 1466 mi
1002 1429 1156 1477 Frater,
1185 1442 1267 1468 non
1287 1430 1504 1481 dissimiles,
1535 1447 1585 1474 ae

52 1481 197 1535 quibus
220 1481 365 1522 inditus
384 1482 441 1522 est
466 1480 668 1535 impreffus
687 1496 765 1535 que
790 1496 813 1521 a
841 1483 968 1535 prima
988 1484 1113 1524 statim
1131 1495 1260 1525 aetate
1285 1496 1396 1526 amor
1415 1500 1456 1528 et
1478 1490 1587 1542 eupi-

55 1539 154 1579 ditas
177 1537 322 1579 sciendi
342 1539 474 1591 plura,
502 1552 579 1579 nec
605 1550 758 1578 tantum
776 1538 887 1589 haec,
918 1540 1060 1592 quibus
1083 1553 1178 1594 eget
1192 1542 1310 1583 vistus
1331 1545 1586 1597 quotidianus

55 1606 122 1636 aut
142 1595 363 1636 institutum
381 1595 484 1635 vitae
502 1596 661 1647 aliquod
679 1609 749 1648 per
770 1595 1035 1636 neceffitatem
1053 1595 1252 1639 summam.

167 1653 300 1707 Vulgo
317 1654 469 1693 etenim
487 1666 613 1702 nunc,
644 1666 696 1692 ex
714 1651 854 1692 eadem
872 1653 936 1692 illa
955 1650 1094 1694 saeculi
1113 1653 1227 1694 huius
1245 1655 1431 1706 mollitie,
1461 1660 1585 1701 circu-b

54 1707 128 1758 los,
159 1709 301 1762 quibus
320 1708 536 1749 studiorum
554 1709 756 1748 includant
783 1708 961 1759 stadium,
991 1709 1061 1750 fibi
1076 1709 1225 1752 faciunt
1245 1715 1360 1766 pueri
1388 1715 1592 1771 (corrupti‘

54 1765 160 1805 adeo
180 1778 204 1805 a
225 1764 416 1819 magistris
437 1764 670 1818 quibusdam
693 1767 844 1818 ignavis
870 1776 911 1805 et
936 1768 1039 1806 male
1058 1768 1318 1820 prudentibus
1345 1769 1590 1824 sapientibus

54 1823 161 1876 que)
192 1821 450 1875 angustiores,
479 1835 556 1860 nec
573 1819 745 1873 spe&ant
765 1823 874 1872 latos,
906 1823 1048 1874 quibus
1067 1825 1269 1879 colligatur
1287 1825 1455 1879 scientia,
1483 1844 1587 1871 cam..

53 1892 127 1931 pos
146 1877 194 1916 ad
210 1877 521 1929 percurrendum
534 1908 548 1927 ,
578 1878 751 1928 amplexi
769 1879 1091 1930 encyclopaedias
1114 1883 1300 1932 quasdam
1316 1883 1507 1933 ficciores,
1542 1899 1589 1928 et

53 1931 306 1986 superficiem
322 1946 458 1973 rerum
477 1934 644 1973 contuiti
664 1932 784 1973 mode
798 1965 808 1984 ‚
838 1947 915 1974 nec
934 1933 1100 1975 fundum
1115 1950 1300 1990 petentes
1320 1940 1557 1983 litterarum.

169 2006 275 2047 Cum
292 2006 425 2053 Tuos,
457 2007 595 2046 Frater
614 2007 796 2059 Optime,
839 2007 980 2047 doceas
1005 2009 1110 2049 reeie
1135 2024 1179 2050 ac
1206 2013 1347 2064 plene:
1380 2025 1424 2053 ut
1449 2015 1588 2057 incita·

53 2072 238 2105 mentum
254 2061 415 2115 aliquod
435 2072 477 2101 et
496 2062 693 2114 quendam
718 2063 930 2103 celeustam
956 2064 1004 2104 ad
1025 2067 1222 2120 reliquum
1250 2070 1325 2109 iter
1350 2070 1585 2115 litterarium

55 2118 203 2165 audias,
234 2131 325 2158 cum
341 2130 537 2170 praecone
555 2120 694 2158 amoris
715 2121 795 2159 mei
816 2121 858 2160 in
882 2124 945 2161 Te
961 2125 1143 2175 perpetui
1161 2123 1379 2176 praesente,
1410 2127 1462 2167 do
1477 2130 1590 2180 Tibi,

57 2175 184 2225 dedo,
212 2173 300 2214 dico
318 2174 536 2214 Herodiani
559 2178 730 2215 Tomum
750 2176 857 2216 hunc
875 2179 1065 2226 alterum,
1095 2181 1204 2220 cuius
1226 2183 1324 2223 ratio
1350 2183 1480 2224 limilis
1501 2187 1588 2238 qui-

57 2231 155 2272 dem
175 2230 235 2271 est
261 2231 319 2271 illi
342 2231 489 2283 prime,
520 2231 653 2284 quoad
680 2233 868 2272 trattandi
898 2235 1060 2274 modum
1085 2235 1331 2279 severitatem
1354 2252 1432 2291 que
1455 2255 1587 2293 curae,

60 2287 181 2328 etiam
201 2287 243 2326 in
271 2286 482 2339 praemissis
507 2287 649 2327 iterum
677 2288 920 2343 Corrigendis
949 2303 991 2331 et
1016 2291 1230 2344 Adde-nolis,
1279 2308 1381 2347 quae
1411 2310 1488 2337 nec
1517 2303 1587 2340 Tu

60 2340 333 2396 contemseris,
363 2356 439 2384 nec
469 2345 535 2396 qui
557 2343 664 2384 hunc
682 2348 858 2385 Tomurn
875 2360 947 2400 per
970 2348 1259 2400 Ephemerides
1283 2353 1473 2394 nunciant
1495 2368 1587 2396 cen-

58 2397 189 2446 sores,
221 2408 358 2452 utpote
381 2398 625 2455 spicilegium
644 2401 844 2454 quoddam
863 2416 888 2442 e
916 2407 1081 2456 repertis
1106 2420 1178 2460 per
1198 2409 1439 2449 occasionem
1458 2421 1500 2450 et
1524 2426 1590 2452 re-

60 2456 239 2496 traaatas
261 2455 345 2508 post
360 2457 472 2507 prela
491 2470 582 2497 cum
603 2455 722 2509 spatio
744 2459 941 2512 cogitandi
958 2463 1143 2515 longiore
1162 2465 1357 2518 plagulas,
1387 2479 1509 2518 quae,
1539 2478 1588 2509 ut

62 2513 107 2552 in
131 2510 329 2565 superiore
351 2514 482 2552 Tomo
506 2511 654 2554 faRum
672 2516 902 2565 meministi,
933 2514 1064 2557 miffae
1080 2520 1205 2571 Lipiia
1224 2520 1299 2561 huc
1317 2523 1484 2562 Plaviam
1506 2524 1588 2564 fin-

118 2569 162 2608 lis
189 2567 520 2618 hebdomadibus,
551 2568 790 2618 effecerunt,
821 2583 865 2610 ut
887 2574 929 2611 in
950 2575 1123 2613 Tomum
1149 2574 1363 2617 secundum
1387 2578 1492 2620 hunc
1519 2581 1589 2620 ab·

80 2637 284 2664 umeretur
302 2637 425 2663 annus
441 2623 543 2668 fere.
599 2626 678 2666 Sed
703 2626 783 2667 fert
802 2638 935 2668 tamen
961 2628 1070 2669 idem
1096 2631 1159 2670 hic
1177 2635 1330 2674 ‘somus
1350 2634 1587 2678 brevitatem

61 2680 254 2720 maiorem
287 2682 414 2729 illam,
452 2694 569 2733 quam
593 2680 674 2734 ipse
700 2686 855 2733 promiti
889 2686 1060 2737 praevidi
1087 2701 1186 2740 que,
1231 2700 1271 2729 et
1295 2691 1587 2742 Ephemerides

56 2735 252 2789 quaedam
271 2733 551 2790 poposcerunt,
582 2740 809 2791 complexus
828 2742 975 2794 quippe
994 2752 1073 2782 tres
1095 2744 1215 2785 nostri
1242 2743 1432 2801 scriptoris
1453 2749 1588 2799 libros,

54 2802 145 2834 zum
163 2791 354 2848 Excursus
374 2804 414 2833 et
429 2794 656 2847 pauciores,
683 2807 761 2837 nec
785 2797 840 2838 ita
861 2798 1013 2852 longos.
1568 2798 1575 2806 “
