1722 3086
115 107 221 154 808
275 104 543 151 LIBERIV.
568 102 768 150 CARII.
792 102 849 150 A.
870 100 930 150 V.
953 99 1006 150 C.
1023 99 1149 167 964.
1171 100 1314 153 CHR.
1341 105 1410 152 N.
1429 115 1491 150 21
1509 108 1581 154 ιζ-

156 217 167 236 X

115 241 191 276 την
250 218 273 254 h
344 218 610 271 ἀποθέωσιν
677 218 890 269 καλοῦσι.
934 224 980 272 di
1023 227 1339 273 caerimoniam
1379 226 1690 289 consecratio-²

119 295 392 364 μεμιγμένσν
425 290 477 346 δέ
508 319 549 346 τι
570 295 740 351 πένθος
775 297 897 367 ἑοςτῇ
939 316 1105 351 anem
1129 314 1304 352 vocant.
1341 302 1502 352 Mistus
1516 318 1668 353 autem

121 373 195 438 aa)
248 373 467 445 &gngzsc'qa
511 370 640 424 κατοὲ
680 371 887 424 πεῖσανἰ
926 379 1109 444 quidam
1134 377 1282 427 lufflus
1305 379 1438 427 festae
1477 380 1670 430 celebri·

121 450 198 506 ‘triv
238 450 371 502 πόλιν
395 447 630 508 δείκνυται.
722 450 773 500 τὸ
817 450 894 518 μὲν
930 458 1009 504 tati
1043 474 1090 504 ac
1112 456 1321 519 religioni
1341 468 1437 506 tota
1460 458 1573 508 urbe
1603 475 1670 507 re-

123 527 223 600 γσὲς
257 532 400 597 σῶμα
431 531 510 578 τοῦ
544 527 899 586 τελευτήσαντος
935 533 1253 601 praesentatur.
1344 538 1469 583 Nam
1504 552 1672 603 corpus

218 653 261 692 h)
294 657 383 692 τιμῆν
412 657 496 689 Mss.
530 663 599 686 tres
628 665 664 686 ν.
691 655 737 688 N.
766 653 820 687 sed
857 664 990 687 comma
1016 653 1090 697 post
1120 663 1191 688 τιλ.
1222 653 1414 690 sustulimus
1442 666 1521 690 cum
1551 655 1608 691 Bt.
1634 667 1673 693 2.

123 698 157 746 i)
181 700 284 734 Deest
300 704 402 734 πίίηεν
420 701 454 733 in
474 702 549 734 Par.
567 711 601 733 et
623 702 689 734 Ox.
709 700 885 733 mendose.

128 827 263 852 omnes
294 814 464 853 editores
484 827 806 853 commentatores
834 827 909 865 que
938 815 990 854 ibi
1016 816 1247 865 probarunt:
1274 815 1395 854 tutius
1423 816 1560 861 fuerit,
1588 829 1674 856 eam

127 877 169 904 et
188 866 250 903 hic
271 866 430 908 servare,
460 865 501 903 in
521 865 665 913 primis,
692 866 776 914 quia
797 868 940 903 constat
959 867 1135 908 aliunde,
1166 868 1260 904 Mss.
1286 867 1433 904 nostros
1451 864 1521 904 effe
1541 869 1677 916 depra-

127 927 249 953 vatos.
303 916 414 954 Unde
434 916 618 953 correffio
649 917 777 953 Oxon.
806 917 997 960 concidit,
1028 929 1157 954 contra
1182 916 1300 965 ipsum
1326 917 1365 953 P.
1387 917 1574 965 susceptu
1603 918 1677 955 ser-

129 978 245 1004 vante
276 967 478 1004 lefflonem
510 967 630 1017 vulg.‚
672 979 817 1013 praeter
848 970 912 1017 ssg.
945 978 985 1003 et
1017 969 1085 1005 Gs.
1107 968 1194 1004 Chr.
1213 968 1279 1004 Nr.
1308 979 1386 1012 15.,
1414 979 1569 1016 quoque
1590 979 1676 1005 tum

129 1016 219 1066 Vig.
244 1030 278 1065 p.
293 1023 377 1061 604-
403 1018 422 1053 i.
454 1020 586 1065 (quein
607 1018 784 1055 innuerat
805 1018 940 1055 iterum
962 1018 1091 1055 Leisn.
1115 1017 1152 1052 in
1177 1030 1224 1053 m.
1249 1019 1320 1054 Ox.
1339 1018 1457 1067 „Vig.
1480 1025 1596 1063 500.“
1625 1016 1677 1054 cf.

132 1077 169 1114 3,
194 1079 249 1112 15,
273 1070 323 1113 7.)
354 1068 416 1104 ubi
438 1067 562 1105 reddit
589 1081 704 1109 „mos
726 1069 818 1104 enim
845 1068 1023 1105 Romanis
1043 1067 1090 1117 cst
1112 1080 1177 1104 cos
1199 1068 1434 1117 imperatores
1457 1066 1496 1105 in
1519 1069 1599 1105 deos
1620 1080 1678 1104 re-

129 1116 253 1160 ferre,
281 1119 345 1167 qui
364 1117 501 1154 reliffis
516 1116 766 1167 succeſjbribus
788 1117 915 1155 liberis
947 1119 1083 1154 mortui
1093 1118 1203 1165 stmt‘
1226 1130 1306 1155 tum
1328 1118 1416 1155 Krb.
1438 1118 1551 1156 Decr.
1574 1118 1616 1156 R.
1641 1130 1677 1166 p.

131 1168 160 1202 1.
183 1178 290 1214 p.28.
316 1181 362 1205 rn.
393 1168 511 1218 „filiis
538 1166 804 1206 successoribus
837 1177 873 1204 et
894 1169 1081 1205 heredibus
1116 1167 1252 1205 relistis
1281 1174 1470 1205 mortuos“
1490 1166 1678 1205 scribente

131 1217 272 1255 Nostro
293 1231 379 1256 cum
399 1218 479 1255 aliis
499 1219 538 1254 in
557 1230 591 1254 v.
612 1231 684 1257 τελ.
708 1231 794 1256 cum
815 1231 871 1268 pr.
890 1223 917 1257 ἐ.
947 1231 986 1256 et
1003 1218 1112 1256 subst.
1135 1235 1169 1256 π.
1184 1244 1194 1262 ,
1220 1217 1281 1256 sed
1314 1219 1361 1255 de
1388 1217 1457 1255 suo
1485 1217 1527 1256 in
1544 1217 1676 1256 addito

134 1270 245 1309 διαὶ,
271 1268 320 1305 cf.
351 1269 448 1306 laud.
468 1269 512 1305 ad
531 1279 569 1315 3,
593 1280 647 1314 ις,
669 1280 704 1313 7.
1687 1308 1690 1311 ,

184 1321 351 1365 τελετὴν)
382 1319 478 1356 Ven.
498 1317 598 1362 τιμιὶν
627 1317 732 1367 quod
764 1329 803 1356 et
822 1319 905 1355 Pol.
940 1317 1110 1361 invenit,
1146 1317 1418 1366 interpretatus
1448 1317 1513 1367 qui
1541 1315 1688 1368 eofimt'

133 1367 283 1405 honore
306 1368 443 1419 affea‘li.
493 1367 704 1405 Librariurn
726 1368 917 1415 quendam
939 1367 1101 1406 offendit
1122 1381 1195 1404 vox
1216 1368 1360 1412 τελετῆ,
1390 1380 1487 1417 quae
1513 1367 1600 1406 alias
1632 1367 1687 1404 de‘

135 1417 359 1456 initiatione
379 1418 614 1467 acmysteriis
634 1417 805 1455 adhiberi
826 1418 943 1459 [υἱοῖς
971 1418 1084 1455 etiam
1105 1418 1285 1454 translate
1304 1419 1351 1454 de
1365 1417 1534 1454 sanstiori
1553 1418 1679 1467 aliqua

135 1481 197 1511 re,
224 1480 266 1505 ut
288 1481 345 1517 ap.
366 1469 485 1506 Dion.
508 1467 594 1505 Hal.
627 1466 674 1504 de
705 1469 841 1514 comp.
863 1468 979 1504 Verb.
1010 1480 1044 1516 p.
1068 1479 1147 1512 195.
1200 1468 1272 1505 Sed
1299 1466 1491 1505 interdum
1523 1480 1681 1516 quoque

136 1516 184 1554 de
204 1519 286 1555 aliis
307 1518 418 1555 sacris
448 1530 489 1554 ac
511 1518 757 1555 caeremoniis
776 1516 999 1564 usurpatur,
1028 1528 1070 1555 ut
1089 1530 1147 1565 ap.
1168 1516 1294 1554 lustin.
1316 1518 1431 1555 Mart.
1452 1518 1516 1555 lib.
1537 1515 1684 1555 deMo·

133 1569 286 1605 narchia
314 1568 411 1611 Dei,
446 1567 543 1606 haud
576 1568 709 1614 procui
739 1568 784 1604 ab
804 1566 891 1605 init.
924 1573 954 1604 οἱ
984 1573 1044 1612 μὲν
1073 1573 1143 1614 γὰρ
1171 1566 1393 1614 τοκκταρχῆν
1421 1574 1467 1610 εἷς
1492 1566 1594 1613 τιμήν
1613 1569 1682 1605 rav

135 1617 374 1665 ὑπερεχόντων
390 1643 400 1660 ,
427 1616 577 1660 venerit,-
603 1625 659 1655 καὶ
681 1622 896 1663 maroug-yion
919 1620 1117 1660 τελσῦντας.
1170 1618 1225 1654 Ac
1262 1616 1299 1652 in
1332 1618 1417 1653 loco
1443 1617 1610 1654 Platonis
1633 1619 1682 1655 de

135 1669 232 1717 Rep.
258 1671 283 1705 Ι.
306 1681 341 1706 2.
364 1669 410 1706 de
430 1666 618 1704 sacrifi-:iis
639 1678 677 1703 et
701 1666 820 1707 ludis,
849 1667 1017 1716 denique
1049 1679 1108 1715 ap.
1128 1667 1325 1714 Augustin.
1355 1665 1418 1703 de'
1434 1665 1538 1703 civit.
1560 1667 1635 1704 Dei
1657 1667 1683 1704 Ι.

137 1729 196 1755 10.
226 1732 255 1757 c.
278 1731 312 1764 9.
334 1718 380 1756 de
402 1717 751 1755 consecrationibus
783 1715 944 1754 dicitur:
968 1715 1249 1765 consecrationes
1278 1717 1487 1766 theurgicas
1506 1729 1596 1766 quas
1621 1732 1682 1756 τε·

133 1773 240 1812 λετὲς
260 1779 405 1806 vocant.
458 1769 648 1807 Praeclare
669 1766 717 1804 de
742 1767 812 1803 hac
834 1780 930 1804 voce
953 1767 1033 1817 egit
1055 1766 1145 1804 ssud.
1169 1767 1210 1804 in
1230 1768 1380 1804 comm.
1402 1780 1437 1816 p.
1461 1778 1549 1813 772.
1575 1769 1682 1816 (868,

160 1821 197 1856 '6.
247 1820 388 1856 Stroth.

137 1828 157 1868 3
203 1822 216 1866 )
238 1871 330 1907 Mss.
355 1883 413 1906 res
435 1868 485 1906 est
505 1882 525 1905 e
547 1865 655 1917 glossa
670 1893 680 1910 ‚
707 1866 795 1915 quia
818 1866 995 1904 abhorret
1023 1878 1040 1902 a
1073 1866 1210 1904 litteris
1241 1866 1366 1916 vulg.‚
1395 1865 1469 1904 five
1490 1879 1558 1915 per
1578 1879 1684 1905 com-

135 1921 372 1972 parationem
402 1931 489 1956 cum
514 1928 548 1965 3,
576 1931 630 1962 ις,
661 1928 716 1953 10.
747 1928 785 1953 et
803 1932 838 1964 4,
872 1927 906 1964 3,
933 1930 962 1953 1.
981 1941 992 1959 ,
1020 1915 1093 1955 sive
1120 1916 1164 1953 ad
1184 1916 1351 1960 sensum,
1379 1916 1503 1965 specie
1527 1917 1684 1956 industa

136 1970 292 2012 iterum,
323 1969 372 2006 cf.
394 1983 430 2013 2,
451 1978 484 2012 8,
509 1980 564 2012 17,
582 1967 604 2004 i.
630 1980 666 2009 2,
700 1978 755 2014 13,
781 1979 836 2011 ¹9·
857 1978 890 2014 3,
913 1970 948 2006 6,
973 1980 1030 2003 22.
1051 1965 1108 2010 i.‚l
1127 1967 1310 2016 quoniam
1329 1967 1458 2010 τελετῆ
1474 1977 1514 2004 et
1541 1974 1685 2006 τελεταὶ

135 2031 244 2056 erant
269 2032 289 2056 e
308 2032 447 2069 genere
470 2019 524 2056 rei
550 2017 724 2060 divinae.
751 2017 907 2065 quaein
936 2016 1124 2054 honorem
1152 2016 1310 2054 deorum
1340 2015 1470 2059 fieret,
1497 2018 1619 2066 qualia
1645 2029 1686 2056 et

134 2067 311 2106 sacrificia
326 2095 335 2111 .
362 2069 511 2107 Latinis
531 2066 750 2115 simpliciter
774 2065 866 2102 dieia
881 2093 890 2109 ,
916 2077 960 2103 ut
983 2068 1148 2110 constat‘,
1178 2067 1292 2105 honor
1321 2078 1360 2104 et
1382 2068 1554 2111 honores;
1579 2067 1685 2105 unde

133 2127 278 2157 τελετὴ
300 2120 406 2168 saepe
433 2120 663 2167 copulantur
684 2129 768 2153 cum
794 2116 948 2164 reliquis
969 2114 1020 2152 rei
1042 2117 1161 2154 sacrae
1191 2117 1371 2165 partibus,
1399 2129 1433 2152 ν.
1455 2130 1490 2154 c.
1512 2130 1571 2166 ap.
1587 2118 1683 2156 Plat-

135 2172 267 2218 Symp.
297 2169 350 2206 Fi.
384 2183 419 2217 p.
445 2174 528 2206 166.
561 2168 584 2203 i.
606 2173 668 2209 τὰς
697 2171 847 2207 θυσίας,
874 2175 931 2205 καὶ
949 2172 1013 2210 τὰς
1036 2173 1180 2209 τελετὰς
1199 2180 1255 2209 a..
1288 2167 1337 2204 cf.
1367 2166 1451 2206 lnd.
1469 2167 1555 2210 Ael.
1576 2168 1624 2203 V.
1644 2167 1684 2204 h.

134 2219 225 2258 Luc.
248 2221 361 2257 Dein.
382 2220 501 2256 Dion.
525 2219 573 2255 H.
596 2218 691 2254 8ss.
712 2228 884 2254 utr.cum
910 2218 972 2266 Bg.
996 2227 1040 2253 ut
1060 2228 1100 2253 et
1119 2218 1183 2254 Sb.
1206 2217 1288 2254 Ind.
1313 2228 1351 2255 et
1373 2218 1440 2255 Gs.
1462 2217 1680 2267 Chr..Pou.

134 2270 238 2308 sind.
268 2269 356 2307 Hes.
386 2270 488 2306 Tim.
511 2270 550 2305 L.
583 2280 617 2315 p.
641 2279 722 2311 ¹79·
776 2267 874 2303 Mor.
906 2269 949 2303 ad
980 2267 1023 2302 Is.
1047 2264 1135 2303 Pan.
1169 2279 1205 2316 p.
1233 2280 1314 2314 115.
1340 2282 1397 2310 e.,
1423 2266 1524 2304 nihil
1545 2266 1687 2305 iterum

136 2319 369 2357 decernente
399 2321 437 2357 P.
458 2330 588 2355 contra
611 2318 716 2366 vulg.
750 2330 771 2354 e
802 2315 906 2354 causa
927 2314 1022 2353 dicta
1046 2316 1085 2353 in
1105 2318 1155 2354 N.
1179 2329 1256 2362 pn,
1285 2317 1352 2364 qui
1385 2329 1424 2354 et
1451 2315 1491 2353 in
1517 2315 1569 2366 sq.
1589 2317 1688 2355 libe-

135 2369 235 2412 rior,
264 2369 312 2407 cf.
342 2371 391 2409 G.
423 2369 497 2405 Ti».
523 2367 561 2404 in
591 2370 654 2415 ssg.
686 2366 837 2416 consecr.
870 2376 909 2404 ct
928 2367 1047 2414 apotb.
1069 2378 1154 2404 cum
1177 2367 1259 2404 lnd.
1281 2369 1341 2405 Sb.
1366 2368 1433 2404 Gs.
1455 2366 1543 2404 Chr.
1565 2378 1605 2404 et
1625 2367 1684 2405 Cl.

136 2420 217 2457 Cic.
255 2431 293 2457 et
318 2419 359 2457 in
389 2418 578 2470 originem
608 2416 907 2455 consecrationis
938 2417 1216 2466 imperatorum
1252 2417 1332 2455 Cas.
1363 2415 1410 2454 ad
1435 2417 1541 2455 Suet.
1575 2416 1683 2456 Caes.
1721 2435 1722 2441 ¹

136 2482 175 2508 ca
208 2499 215 2506 .
274 2479 305 2511 8.

181 2478 371 2568 ἓςηῗκεία)
408 2517 595 2556 omiserat
628 2517 665 2553 P.
688 2516 762 2552 hoc
791 2515 920 2559 subst.‚
947 2516 1104 2554 liberior
1135 2516 1248 2555 etiam
1281 2515 1321 2553 in
1340 2517 1428 2562 εει,
1452 2518 1557 2556 unde
1585 2527 1683 2556 errat
1721 2541 1722 2567 ;

134 2572 216 2618 Srp.
231 2562 333 2614 '1'h.,'
351 2583 498 2619 putans,
522 2565 721 2604 reddidisse
733 2568 773 2603 P.
786 2565 936 2609 alicubi,
950 2577 991 2605 ut
1011 2567 1072 2604 bic
1087 2570 1149 2617 ssg.
1169 2579 1225 2613 pr.
1246 2565 1336 2614 e‘ogsr.
1351 2592 1360 2608 .
1390 2568 1455 2615 qui
1478 2568 1517 2604 in
1535 2571 1681 2606 ν.ὃεικν.
1720 2582 1722 2614 ι

133 2635 202 2668 per
224 2620 469 2658 commodum
489 2616 595 2654 valde
614 2618 716 2658 Lat.,
741 2628 782 2653 ut
801 2615 848 2654 de
867 2616 1131 2660 simulatione,
1160 2616 1311 2655 fiftione
1332 2628 1446 2666 atque
1463 2616 1686 2655 imitatione
1719 2620 1722 2688 1

132 2671 253 2710 iustus
272 2668 522 2711 nominatim,
559 2665 608 2703 cf.
644 2680 675 2709 ι,
696 2674 727 2712 3,
750 2679 783 2709 7.
816 2665 838 2702 i.
868 2682 1010 2712 μιμουμ.
1043 2679 1101 2715 ap.
1133 2667 1172 2703 P.
1193 2665 1235 2704 it.
1261 2664 1301 2703 in
1328 2668 1536 2715 analogiam
1558 2668 1601 2704 ad
1622 2683 1683 2713 m·

133 2738 232 2767 μιγμ.
261 2734 320 2768 ap.
352 2719 468 2758 Diod.
500 2719 538 2753 S.
563 2730 594 2759 1,
620 2719 653 2752 6.
684 2715 707 2752 ἰ.
741 2721 787 2753 τὰ
807 2719 1035 2762 δὲ-μέξηκ
1055 2723 1264 2762 μεμιγμένην
1283 2713 1376 2763 ἔχειν
1406 2719 1457 2765 τῷ
1475 2725 1690 2766 συμφέροιπ

132 2778 193 2818 τὴν
214 2775 370 2820 βλάβην..
388 2782 474 2807 cum
493 2768 576 2806 lnd.
601 2767 653 2804 Fi.
674 2765 811 2813 Aesch.
834 2767 918 2804 Ael.
952 2781 985 2803 v.
1008 2768 1044 2804 lx.
1065 2777 1104 2805 et
1125 2766 1224 2806 l'lut.
1246 2768 1316 2806 Hs.
