1717 3082
66 98 307 146 LIBERII.
350 98 474 143 CAP.
498 97 614 144 XIII.
650 97 772 142 A.V.
796 97 843 142 C.
870 95 991 152 946.
1034 96 1246 143 CHRN.
1274 108 1390 153 193.
1439 107 1540 151 377

39 209 107 282 ςόν
132 211 271 267 τέλος.
348 211 369 260 ὁ
395 210 469 275 μὲν
495 208 562 260 οὖν
596 208 787 279 {vg-235⁸&
835 229 912 259 12.
950 217 1128 262 exitum.
1178 217 1256 262 Ille
1278 214 1455 280 quidem
1475 217 1545 261 in·

40 287 191 357 ἕξημᾶς
207 308 255 337 τε
276 287 354 336 καὶ
371 283 387 310 f
403 283 492 336 ὑπὸ
514 284 691 335 πάντων
705 307 784 335 κα·
823 303 976 338 ventus
1001 291 1187 339 desertus
1212 303 1255 339 et
1276 293 1325 338 ab
1338 291 1546 338 omnibus

38 363 321 426 ταλειφθεὶς,
355 363 554 431 αἰσχρῶς
572 360 784 432 ὀλοφυςό-
825 364 1056 414 dereli'Ctus
1088 371 1276 434 turpiter
1301 369 1546 414 lamentans

37 459 162 506 μενος
186 437 422 503 ἐφονεύθη.
823 454 1000 490 necatus
1025 443 1097 491 est.

115 515 234 565 Ἐπεὶ
292 508 341 563 δὲ
394 512 457 562 τοὶ
518 510 651 583 wago&
710 513 785 568 τῆς
897 518 1129 583 Postquam
1172 530 1318 566 autem
1373 518 1545 567 decreta

158 644 196 689 f)
219 647 270 678 κιὶ
289 643 439 676 omissum
457 643 491 675 in
512 644 573 678 Lu.
593 642 772 681 mendose,
797 652 836 675 ut
853 653 929 674 mox
949 653 978 675 c.
996 642 1039 686 sq.
1058 644 1080 676 i.
1102 645 1145 676 δέ.

39 767 166 794 tamen
189 757 385 805 gratiorem
406 770 423 792 a
437 754 742 792 concurrentibus
756 773 799 792 τω
820 773 855 792 τε
873 754 1018 802 syllabis
1037 767 1075 793 et
1095 758 1247 805 propius
1269 757 1445 794 stantibus
1458 756 1546 794 dua-

40 807 108 844 bus
130 822 184 846 ον,
212 808 260 842 ob
281 818 369 854 quas
391 807 523 843 Noster
546 804 745 840 deseruerit
764 806 940 852 reliquam
955 806 1182 848 laevitatem3
1210 819 1351 854 praeter
1366 808 1453 843 Mss.
1467 807 1548 847 rel.,

40 856 154 892 etiam
170 854 286 891 stante
304 856 342 891 P.
366 855 403 892 in
424 856 548 902 vulg.‚
582 853 683 890 unde
705 857 768 901 Bg.
790 853 904 895 nihil,
940 867 1048 902 quam
1070 857 1146 891 Lat.
1169 857 1207 892 in
1229 857 1333 893 subst.
1351 869 1448 898 rea..
1482 856 1547 893 ubi

39 916 79 941 et
97 904 182 940 Sch.
202 903 356 941 discedit
378 905 582 949 „infelicem
602 902 700 938 vitae
716 904 802 939 exit.
824 904 990 950 (expleto
1010 917 1092 952 gen.
1119 910 1216 949 βίου,
1255 905 1301 941 cf.
1326 918 1357 946 ῐ,
1378 918 1412 946 2,
1435 918 1489 943 ιο.
1509 906 1549 947 ἱ.,

40 965 81 990 et
103 953 142 989 in
165 955 216 997 v.)
234 965 336 1001 quum
356 953 497 990 emisset
522 953 669 1000 pecunia
694 951 804 988 finem
820 952 990 996 foedum“
1019 953 1126 989 aliter
1147 955 1208 989 hic
1236 967 1429 1001 exponens
1458 954 1548 996 adi..

41 1001 180 1051 quade
197 1013 267 1038 urr.
291 1002 449 1038 notione
469 1001 562 1038 nihil
584 1000 622 1036 in
644 1003 721 1047 Stp.
741 1003 836 1041 Th..
865 1000 930 1036 nifi
953 1002 1049 1038 forte
1066 1002 1112 1038 de
1132 1004 1256 1049 priore
1274 1014 1303 1048 3,
1329 1017 1409 1050 ²²4·
1428 1006 1475 1040 D.
1496 1017 1550 1040 m.

39 1053 127 1098 sq.,‘'
151 1063 226 1099 quo
252 1062 290 1088 et
305 1053 368 1099 Bg.
389 1051 478 1086 illud
499 1050 657 1086 severius
680 1051 836 1097 spectet,
872 1050 965 1086 nihil
987 1061 1144 1088 tenente
1162 1053 1207 1087 G.
1230 1054 1304 1088 Th.
1319 1079 1328 1093 ‚
1366 1066 1474 1102 quam
1504 1053 1549 1090 in

39 1099 114 1136 adi.
140 1109 220 1143 187,
234 1105 290 1135 60.
318 1101 441 1140 „mala
459 1120 494 1128 -
513 1112 627 1140 mors,
656 1099 679 1136 i.
697 1099 815 1135 dura‘<
848 1111 918 1135 nec
936 1101 1014 1147 Stp.
1035 1101 1108 1136 Th.
1131 1101 1168 1137 in
1189 1101 1387 1140 formulam
1415 1112 1550 1144 totam,

41 1161 112 1198 qua
141 1149 302 1185 variatur
329 1162 393 1196 per
415 1149 486 1184 abl.
518 1147 627 1194 pretii
650 1159 734 1183 cum
758 1160 841 1196 gen.
861 1162 894 1189 2,
913 1152 945 1189 6,
966 1161 1024 1185 20.
1046 1163 1077 1185 e.
1098 1162 1136 1186 et
1162 1165 1226 1198 per
1254 1152 1396 1198 clliplin
1419 1165 1472 1199 pr.
1491 1155 1548 1189 ἐπὶ

42 1210 113 1246 pro
133 1196 262 1234 diserta
281 1210 365 1234 cum
383 1196 492 1245 §.g-22.
512 1211 561 1233 m.
584 1195 654 1238 ib„
697 1197 742 1233 cf.
765 1196 804 1233 in
831 1211 908 1234 rem
930 1198 978 1234 ib.
1002 1209 1039 1235 et
1060 1198 1090 1244 §.
1108 1207 1140 1239 8.
1161 1200 1236 1248 sqq.
1269 1214 1300 1241 2,
1329 1214 1381 1244 ιο,
1401 1210 1457 1243 8.,
1495 1212 1550 1248 ut,

40 1257 154 1294 tropo
174 1258 321 1283 remoto
335 1272 345 1287 ,
369 1257 534 1288 maneat,
565 1243 758 1288 κτήσασθαι
776 1259 848 1283 τελ.
863 1275 873 1289 ,
911 1249 1041 1294 parass'e
1062 1248 1122 1284 libi
1136 1274 1147 1290 ‚
1181 1250 1221 1287 it.
1241 1249 1386 1292 fecisse,
1420 1261 1466 1288 ut
1486 1251 1551 1287 ha·
1610 1279 1612 1282 .

40 1297 158 1334 beret.
185 1295 227 1332 it.
250 1295 392 1343 periisse
414 1308 499 1343 per,
527 1296 588 1336 ob,
620 1298 812 1342 pecunias,
842 1308 920 1332 tum
944 1298 1067 1341 datas,
1094 1311 1173 1335 tum
1192 1313 1269 1336 non
1297 1302 1406 1347 plene
1429 1302 1550 1341 datm

37 1357 109 1382 nec
128 1345 174 1381 G.
194 1345 267 1381 Th.
290 1347 449 1384 habente
467 1345 557 1393 quid
578 1343 692 1396 limile
713 1346 750 1381 in
770 1359 805 1381 v.
830 1348 892 1393 Bg.
920 1359 1005 1382 cum
1023 1350 1066 1385 al.
1089 1349 1176 1390 Gn,
1213 1350 1271 1386 sed
1303 1350 1340 1386 in
1362 1349 1441 1398 syn.
1463 1362 1550 1386 cum

37 1395 104 1432 Gr.
126 1407 162 1431 n.
185 1405 260 1440 355,
277 1398 332 1441 36.
355 1395 553 1441 „Propere
568 1414 602 1422 -—
623 1396 708 1430 talis
731 1407 831 1431 mors
847 1397 965 1444 pretio
985 1399 1044 1433 vel
1064 1398 1117 1444 fit
1146 1401 1301 1435 emenda
1324 1401 1432 1442 mihi,
1466 1398 1548 1446 (qui

38 1444 80 1481 in
103 1446 165 1493 Bg.
185 1443 228 1479 ad
248 1448 290 1482 ἰὸ.
315 1449 397 1487 689,
418 1446 472 1489 4.)
500 1444 575 1479 vim
599 1442 652 1480 illi
683 1446 823 1481 addunt
851 1447 1052 1492 particulae
1080 1446 1274 1485 encliticae
1298 1459 1359 1495 pte
1381 1460 1420 1486 et
1449 1453 1553 1485 met<c

37 1505 113 1532 nec
137 1505 258 1530 tamen
276 1492 349 1529 alio
378 1494 556 1529 vocabulo
580 1493 818 1535 declaratam,
854 1506 892 1530 ct
914 1495 1070 1531 omnino
1091 1509 1219 1533 vanarn
1234 1523 1243 1538 ,
1279 1497 1327 1533 cf.
1351 1511 1382 1541 1,
1401 1512 1438 1543 4,
1459 1507 1491 1539 8.
1510 1498 1552 1540 ἱ..

37 1542 106 1580 nifi
126 1553 310 1591 quatenus
330 1543 380 1578 est
400 1543 616 1579 nostratium
633 1541 702 1586 [ein
719 1545 839 1591 eigren,
876 1544 914 1579 in
933 1557 1007 1591 quo
1036 1557 1158 1582 tamen
1182 1559 1219 1582 et
1241 1547 1319 1592 ipso
1342 1548 1470 1594 potius
1500 1546 1551 1583 est

40 1590 154 1643 figura
172 1597 208 1629 ἔκ
227 1588 476 1637 παραλλιῖλου,
515 1603 557 1628 ut
576 1595 636 1639 ng.
660 1592 781 1629 reddit
806 1594 873 1629 Gr.
895 1594 981 1629 alibi
1003 1596 1116 1631 modo
1142 1608 1206 1642 per
1226 1596 1342 1642 simpl.
1359 1598 1455 1646 suus,
1550 1600 1556 1604 '

85 1641 181 1686 ὃμὲν
201 1641 248 1684 ἆ.)
271 1643 336 1690 Bg.
355 1653 435 1676 non
453 1653 537 1677 cum
556 1642 593 1676 P.
617 1642 813 1687 periodum
836 1644 898 1678 Gr.
921 1644 1173 1685 contaminat,
1207 1659 1250 1682 ex
1276 1648 1408 1682 eodem
1432 1658 1553 1694 quan·

41 1703 160 1740 quam
180 1690 346 1726 retinens
365 1692 441 1726 Lat.
467 1690 506 1725 in
533 1694 578 1736 ἐς.
598 1691 740 1731 severe,
782 1691 843 1727 sed
864 1702 907 1726 ut
927 1693 974 1726 ob
995 1692 1041 1740 sq.
1067 1693 1354 1738 explicationem
1379 1690 1553 1744 annuam,

38 1740 135 1778 etin
157 1739 281 1786 primis
299 1752 320 1775 e
340 1739 539 1774 Vernaculi
569 1738 748 1775 sermonis
771 1751 1008 1786 paupertate,
1045 1741 1178 1777 debeat
1196 1743 1348 1791 cogitari
1381 1742 1554 1792 fumique

41 1802 110 1838 pro
127 1787 238 1837 solus,
275 1800 350 1833 quo
383 1798 420 1822 et
448 1787 570 1823 rendit
590 1789 674 1824 Sch.
702 1789 833 1828 „solus
852 1790 1026 1824 7·cli<‘lus<‘
1053 1791 1146 1826 nihil
1171 1791 1208 1826 in
1230 1795 1324 1828 hanc
1349 1794 1552 1830 notionem

38 1840 188 1877 ferente
207 1838 252 1872 G.
264 1837 338 1872 Th.
369 1836 408 1871 in
432 1838 493 1882 fig.
509 1860 519 1877 ,
554 1835 615 1872 sed
635 1837 713 1883 Stp.
735 1839 808 1872 Th.
823 1862 833 1877 ,
869 1838 930 1873 ubi
951 1849 1075 1875 tamen
1096 1840 1184 1875 hinc
1213 1840 1287 1877 line
1310 1844 1371 1879 Vs.
1403 1841 1468 1879 sub
1491 1845 1552 1892 ssg.

39 1888 121 1924 Lat.
141 1897 179 1922 et
198 1887 277 1933 syn.
298 1885 397 1924 aliis,
435 1885 473 1919 in
496 1885 628 1932 quibus
653 1898 691 1922 et
712 1887 960 1936 incustoditus,
987 1899 1031 1924 ut
1051 1888 1166 1924 suma<
1187 1889 1247 1925 hic
1267 1891 1410 1936 ellipsin
1431 1903 1470 1928 et
1493 1905 1554 1928 va-

40 1937 239 1974 riationem
261 1947 328 1980 pro
350 1934 463 1980 pleno
485 1943 519 1979 3,
539 1946 571 1978 ς,
592 1943 623 1974 8.
643 1947 677 1971 e.
700 1940 747 1981 ἐς.
767 1933 976 1981 δοςυῳέρων,
1011 1937 1060 1973 cf.
1080 1937 1195 1974 limile
1206 1941 1300 1976 Xen.
1318 1941 1425 1989 Ages.
1445 1954 1480 1978 2>
1497 1953 1554 1987 19.

41 1990 136 2032 αἱρεῖ
150 1983 191 2022 τδ
212 1989 385 2028 Πείραιον,
420 1978 538 2029 ἔρημον
560 1983 660 2029 {vec-iu
684 1994 857 2029 φυλκκῆς,
883 1998 923 2022 et
940 1988 984 2022 de
1002 1991 1048 2032 5?-
1068 1988 1187 2024 Thuc.
1208 1991 1304 2025 Xen.
1318 1992 1404 2038 Cyr.
1427 2002 1465 2027 et
1477 1992 1554 2027 1²01.

41 2035 86 2072 Z.
109 2034 190 2069 Ael.
215 2034 259 2067 V.
281 2033 338 2073 h..
372 2033 529 2068 maxime
551 2045 595 2068 ex
614 2045 648 2077 9,
669 2046 730 2078 40.
759 2047 797 2070 et
821 2044 875 2079 13,
894 2039 951 2070 26.
974 2035 997 2071 i.
1032 2038 1119 2074 Luc.
1150 2049 1190 2073 et
1212 2041 1331 2075 Schxv.
1359 2042 1400 2077 L.
1421 2040 1469 2077 N.
1490 2040 1557 2083 T..

41 2081 263 2129 respiciente
282 2081 417 2117 Nostro
440 2081 483 2116 ad
503 2081 534 2128 §.
553 2093 585 2125 9.
608 2094 690 2118 cum
712 2082 915 2121 variatione
936 2097 1000 2131 per
1020 2099 1054 2121 v.
1075 2102 1151 2123 nar.
1166 2087 1244 2136 syn.
1269 2101 1336 2136 pro
1355 2095 1416 2132 τὴν
1433 2093 1552 2137 &1ng-

43 2135 238 2179 φξουςὲν-
259 2129 702 2175 αὕτδνέγκκταλιπσέσκν,
727 2133 787 2168 uhi
810 2134 870 2181 Bg.
893 2132 1072 2170 similiter.

94 2187 215 2224 αἰσχρ.
234 2179 345 2226 ὄλοφ.)
375 2182 477 2214 Haec>
492 2192 548 2224 ap.
565 2181 681 2217 Dion.
704 2182 906 2227 expirantis
934 2185 1040 2219 verba
1055 2210 1064 2226 ,
1103 2185 1143 2227 (l.
1164 2185 1187 2221 l.
1209 2185 1314 2233 supra
1329 2211 1339 2227 ‚
1377 2185 1554 2234 ἐφονεὸἒη,

42 2232 202 2268 τοσοῦτον
219 2224 313 2273 μένον
333 2228 450 2270 sivein,
476 2227 546 2275 uxi)
565 2235 600 2265 τί
618 2230 717 2267 δεινὼ
744 2235 908 2273 ἐποίησας
941 2239 1017 2270 τίυκ
1034 2239 1236 2275 ἀπέκτεινας
1263 2237 1380 2271 Oxon.

141 2279 251 2315 Hunc
267 2277 403 2314 Dionis
415 2277 544 2314 Latine
558 2279 909 2316 conver-suminam
931 2282 1034 2318 addit
1054 2284 1093 2318 in
1113 2284 1159 2320 N.
1173 2288 1203 2318 6.
1225 2284 1301 2320 Cas.
1313 2286 1357 2321 ad
1375 2287 1492 2333 Spart.
1513 2284 1554 2324 in

42 2327 111 2364 Iul.
134 2339 164 2362 c.
179 2336 210 2367 8.
229 2338 262 2372 p.
276 2329 356 2371 586.
369 2339 401 2362 e.
420 2327 590 2367 „occisus
602 2327 664 2370 est,
679 2329 787 2376 fidem
800 2330 958 2367 Caesaris
970 2333 1175 2380 implorans,
1201 2333 1280 2369 h.e.
1302 2335 1458 2371 Severi“
1480 2337 1557 2376 An-

43 2377 113 2426 glis
135 2388 192 2422 ap.
210 2377 334 2423 Heyn.
355 2377 405 2412 H.
428 2390 462 2421 4,
486 2388 587 2422 1040.
611 2390 658 2412 m.
685 2376 732 2413 sie
756 2378 897 2423 fanden
924 2380 992 2417 ihu
1031 2394 1100 2417 von
1130 2382 1306 2419 Thr‘anen
1334 2384 1557 2434 iibezfstrt'imt,

43 2426 200 2473 propius
222 2424 484 2462 accedentibus
503 2426 547 2462 ad
569 2426 763 2467 Nostrum.
798 2428 862 2476 qui
884 2429 998 2466 variat
1024 2441 1104 2467 tum
1125 2429 1165 2466 in
1187 2444 1220 2465 v.
1243 2437 1296 2477 ἐφ.
1313 2435 1388 2480 (ap.
1407 2435 1456 2469 G.
1478 2434 1556 2471 Th.

43 2474 84 2511 in
99 2477 176 2523 Eg.)
190 2486 274 2509 cum
293 2474 325 2522 §.
339 2487 393 2522 pr.
415 2479 536 2511 ἄποκτ.
556 2487 594 2511 et
607 2473 691 2521 §9
709 2481 817 2524 ἁναιρ.
830 2502 840 2518 ,
870 2489 950 2515 tum
969 2480 1006 2514 in
1021 2479 1070 2517 ὄλ.
1092 2491 1177 2515 cum
1198 2481 1227 2523 ὃ.
1247 2490 1279 2521 8.
1299 2494 1345 2518 m.
1368 2482 1483 2530 dangu,
1508 2483 1560 2522 cf.

44 2523 150 2562 Suid.
165 2547 176 2566 ,
203 2535 281 2559 non
301 2524 387 2559 coll.
405 2523 448 2559 ad
461 2524 546 2560 Hes.
560 2549 571 2566 ‚
597 2525 789 2563 deserente
803 2528 840 2563 P.
858 2527 901 2564 in
921 2540 994 2565 utr.
1012 2541 1048 2564 v.
1065 2529 1177 2566 etiarn
1197 2525 1282 2567 ‘'Sch.
1309 2533 1559 2580 „comploram

47 2571 161 2608 foede
174 2593 209 2601 --
228 2573 431 2609 trucidatus
455 2573 544 2609 est!t
633 2603 636 2609 .

93 2626 140 2660 τὰ
160 2621 268 2666 παρὰ)
291 2621 568 2670 Negligentiam
588 2623 626 2658 P.
636 2610 729 2667 Neum
748 2626 832 2661 Sch.
861 2626 900 2661 in
919 2632 964 2663 τὰ
983 2639 1068 2663 cum
1090 2640 1213 2675 praep.
1241 2628 1346 2669 „asta
1374 2628 1557 2669 senatus‘⁸

46 2669 214 2716 suppleto
230 2683 265 2706 ν.
286 2682 323 2706 et
343 2670 510 2717 particip.
526 2672 666 2718 aliquo,
693 2686 725 2708 v.
738 2686 769 2709 c.
788 2672 964 2720 γενόμεναι,
990 2677 1049 2712 sed
1066 2689 1202 2714 mutata
1216 2690 1336 2727 praep.
1353 2691 1436 2716 cum
1451 2681 1559 2719 subst.

45 2718 87 2758 in
97 2731 192 2770 gen„
223 2719 382 2758 correxit
393 2722 458 2770 Bg.
471 2733 633 2771 quoque,
658 2722 831 2773 supplens
841 2738 921 2763 non
934 2728 1046 2764 modo
1060 2724 1175 2765 limile
1193 2726 1302 2776 pert,
1323 2739 1368 2766 ut
1377 2735 1556 2776 βεβουλη.
