1687 3137
111 154 213 190 nv
635 132 1092 183 EPISTOLA.

216 245 296 297 sed
313 262 445 294 rerum
468 249 649 303 peritiam
673 249 880 290 comitetur
906 248 1175 303 intelligentia
1198 247 1436 300 verborum,
1467 253 1530 298 vel
1556 255 1629 305 pri.

104 317 263 366 vorum,
293 312 356 352 vel
378 308 617 355 iunctorum,
653 318 735 347 tum
765 306 1110 358 mundationum,
1151 309 1219 346 aut
1243 299 1518 361 singularium,
1560 312 1631 352 aut

103 367 148 415 in
164 368 372 426 periodum
391 378 511 406 unam
529 361 793 404 conclusarum
810 363 992 415 plurium.
1332 364 1335 368 ·
1587 394 1591 395 ⁷

213 431 272 468 Ac
296 424 481 466 struclura
499 419 661 474 quidem
687 432 727 460 et
753 420 948 473 copulatio
977 419 1280 461 enunciatoruin
1309 425 1400 461 cuth
1424 423 1552 464 valeat
1577 423 1629 465 ad

99 478 335 540 fingendam
362 480 581 534 legentium
610 477 844 526 orationem,
873 476 918 517 fit
942 490 1022 529 que
1040 478 1208 530 repetita
1237 479 1376 530 purim
1397 490 1449 519 ex
1470 479 1540 520 usu
1569 491 1631 521 ab·

100 556 183 596 que
202 539 426 591 auc'toritate
452 533 679 588 scriptorum
697 531 908 586 priscorum
927 535 1132 588 utriusque
1158 532 1365 585 sermonis,
1396 531 1541 576 Graeci
1559 541 1627 579 La.

98 600 176 643 tini
195 612 289 651 que,
318 595 458 648 partim
480 606 504 631 e
524 590 672 643 placitis
691 596 732 630 et
750 591 967 644 praeceptis
986 591 1211 631 rhetorum:
1241 593 1328 644 quis
1349 592 1512 633 tandem
1531 607 1630 646 pue,

98 669 233 696 rorum
255 652 424 706 refugiat
443 649 589 688 monita
611 645 724 699 super
743 647 883 687 talibus
903 658 975 700 per
993 648 1143 688 Notas?
1173 650 1328 688 Horum
1352 650 1524 691 maxime
1540 648 1626 693 scri-

97 714 300 767 ptionem,
330 709 548 749 orationem
569 703 712 757 stylum
733 710 811 757 que
832 704 1069 744 conformari
1090 713 1249 757 oportet
1270 718 1315 745 ac
1335 704 1445 760 fingi.

210 769 448 819 Quanquam
470 763 534 802 diu
554 760 622 811 est,
651 775 740 800 cum
760 761 836 800 hoc
852 775 934 801 non
955 768 1093 800 curant
1114 762 1282 814 amplius
1296 791 1305 808 ,
1338 770 1384 802 ut
1402 763 1450 802 ad
1466 773 1628 805 contex,

99 831 140 867 ta
156 834 336 866 veterum
355 820 584 873 scriptorum
604 815 692 870 ipsa,
713 829 753 858 et
773 817 933 857 istorum
951 818 994 856 in
1014 818 1212 858 neEtenda
1225 818 1624 862 οτᾱῑίοῃεσιηῐὶοῃθω

96 895 218 937 atque
237 880 536 922 collocationem
566 886 806 927 componant
829 874 1040 916 Verfiones
1068 873 1149 916 suas
1177 877 1436 926 interpretes.
1495 879 1625 930 Impli.

95 951 222 981 catam
247 938 383 984 nimis,
415 934 546 982 aiunt,
576 939 757 972 veterum
790 933 1031 978 orationem,
1063 945 1166 984 quae
1193 930 1345 972 constet
1376 932 1550 984 periodis
1583 945 1626 974 et

94 996 245 1038 crebris
265 1007 304 1036 et
322 989 576 1046 longioribus.
638 989 847 1029 Cumulata
864 987 1033 1035 istorum,
1055 1001 1158 1039 quae
1180 988 1478 1040 interficiantur,
1501 998 1625 1031 mem.

92 1054 185 1103 bra,
216 1065 319 1105 quae
340 1050 567 1091 contineant
594 1042 829 1102 περιςάὸ-εις
855 1045 978 1085 varias
1008 1041 1249 1085 secundm-ias
1278 1058 1358 1097 que
1384 1049 1626 1088 enunciatio-

92 1125 185 1158 nes,
214 1109 348 1150 facere
365 1100 596 1147 Versionem
613 1101 855 1156 languidam,
887 1114 931 1141 ac
952 1102 1161 1154 praecipue
1180 1099 1434 1154 frequentata
1447 1102 1517 1143 ista
1539 1119 1625 1156 par·
1676 1099 1680 1102 ’

95 1167 251 1220 ticipia,
283 1177 324 1206 et
349 1163 542 1219 genitivos
562 1159 652 1199 istos
674 1159 860 1197 ablativos
887 1171 966 1211 que
997 1155 1313 1210 consequentiae.
1371 1155 1493 1199 U'nde
1521 1175 1623 1200 rum-

93 1224 247 1279 pendas
275 1213 354 1262 effe
382 1217 565 1273 periodos
592 1227 710 1268 atque
735 1213 997 1261 divellendas,
1029 1227 1069 1254 et
1097 1227 1168 1267 pro
1190 1221 1358 1266 corpore
1382 1215 1485 1255 iusto
1513 1217 1620 1257 exhi.

92 1280 228 1322 benda
248 1277 431 1320 membra
449 1273 675 1327 singularia,
712 1269 846 1320 incisa,
885 1273 990 1322 cola,
1025 1271 1163 1311 breves
1196 1285 1275 1324 que
1303 1272 1619 1324 comprehenfio-

90 1351 167 1378 nes
189 1348 230 1377 et
255 1335 419 1376 ambitus
437 1331 635 1371 orationis.
691 1330 809 1368 Hunc
831 1326 910 1368 effe
930 1327 1109 1384 nostratis
1127 1328 1289 1381 linguae
1313 1331 1481 1383 genium,
1509 1329 1622 1370 indo.

89 1396 197 1440 lem,
224 1393 450 1446 ingenium,
480 1388 556 1428 hoc
572 1385 849 1439 praecipuum,
880 1396 924 1425 ut
942 1385 1133 1425 brevitate
1153 1383 1467 1437 commendetur,
1495 1399 1638 1442 atque·

91 1449 197 1492 adeo
222 1448 500 1503 perspicuitate
529 1444 678 1484 maiori.

208 1509 311 1548 Cum
329 1502 558 1544 vernaculis
584 1495 809 1540 hominibus
837 1497 1053 1539 concedam
1084 1509 1200 1539 voces
1225 1497 1520 1540 huiuscemodi:
1550 1502 1617 1555 qui

90 1564 234 1608 Latine
259 1561 467 1615 scriptores
494 1558 666 1598 Graecos
696 1555 866 1595 reddere
891 1554 1121 1606 instituunt,
1150 1569 1234 1595 non
1267 1556 1296 1595 ii
1332 1555 1499 1604 habent,
1535 1572 1621 1610 quo·

87 1632 265 1676 purgent
292 1615 579 1672 negligentiam
607 1615 649 1654 iu
676 1612 867 1652 vertendo
894 1610 1019 1662 suam,
1048 1624 1090 1652 et
1116 1612 1221 1666 quod
1248 1615 1502 1654 committunt
1526 1614 1614 1666 hoc,

88 1691 135 1720 ut
153 1671 334 1719 deserant
351 1674 596 1715 severitatem
622 1668 918 1720 interpretandi,
944 1669 1063 1708 nimis
1080 1683 1158 1722 que
1181 1666 1379 1710 discedant
1398 1684 1422 1710 a
1442 1677 1554 1711 tex'tu
1572 1684 1615 1712 et

90 1736 200 1776 velut
227 1728 421 1786 exemplo,
475 1729 640 1769 Servare
658 1725 786 1778 potest
802 1726 938 1766 Latina
960 1725 1122 1779 quidem
1148 1726 1286 1780 lingua
1304 1738 1346 1766 et
1371 1726 1512 1777 venio,
1544 1728 1613 1769 fia

86 1793 212 1843 tropis
231 1789 476 1844 quibusdam,
505 1795 545 1826 et
561 1785 656 1824 locis
676 1795 758 1822 non
773 1781 873 1822 adeo
891 1783 1024 1824 multis
1043 1773 1268 1832 discefferis,
1292 1792 1378 1825 tum
1396 1784 1614 1825 temonem

87 1848 318 1897 verborum,
357 1858 443 1886 tum
477 1841 660 1883 ordinem
687 1836 831 1879 seriem
855 1848 954 1892 que,
995 1849 1080 1877 tum
1103 1838 1280 1892 denique
1305 1841 1504 1892 periodos.
1563 1844 1615 1882 Et

87 1905 275 1948 haffienus
305 1914 470 1943 utentur
504 1899 692 1946 leam-es,
742 1903 784 1935 et
811 1894 1045 1935 nominatim
1078 1897 1193 1948 pueri
1218 1897 1353 1936 aetatis
1381 1898 1615 1948 maturioris,

87 1960 289 2015 disputatis
311 1975 332 1999 a
351 1971 417 1998 me
439 1954 604 1997 subinde
619 1967 692 2006 per
711 1954 851 2002 Notas,
878 1952 1052 1991 maxime
1071 1953 1122 1991 de
1140 1951 1307 2004 periodo
1334 1952 1529 1994 struenda.

200 2021 255 2057 At
282 2029 376 2055 vero
399 2012 490 2054 sane
516 2011 659 2050 muniti
685 2009 873 2061 patientia
898 2010 964 2048 illa
994 2009 1191 2062 cogitandi
1217 2009 1429 2058 accedant,
1457 2009 1613 2052 necesse

87 2074 159 2116 est.
213 2072 385 2113 Postulat
412 2071 519 2110 enim
539 2068 661 2120 longa
685 2064 872 2103 orationis
900 2062 1036 2110 series,
1073 2066 1242 2117 longum
1269 2065 1375 2118 quafi
1403 2064 1535 2117 filum,
1566 2080 1611 2108 ac

82 2121 286 2184 suspensus
310 2141 382 2180 per
415 2123 642 2176 interposita
668 2120 846 2160 membra
870 2116 1021 2167 sensus,
1060 2120 1215 2159 diduc’ta
1249 2132 1330 2173 que
1359 2133 1400 2160 et
1426 2123 1611 2164 instrufia

85 2187 219 2229 multis
240 2182 414 2238 partibus
444 2193 562 2235 atque
581 2188 769 2219 exornata
793 2177 949 2230 protasis
975 2176 1151 2230 a‘podofis
1172 2189 1242 2226 ve,
1271 2189 1314 2218 et
1343 2176 1610 2221 demonstrata

83 2258 111 2293 ι
136 2257 202 2283 me
238 2241 430 2293 scriptoris
472 2252 535 2278 ars
565 2245 604 2275 et
633 2235 794 2287 peritia,
833 2233 1002 2285 postulat
1034 2245 1210 2274 mentem
1238 2232 1432 2274 intensam
1462 2237 1609 2289 cogita-

86 2302 239 2342 tionem
268 2311 346 2350 que
371 2297 607 2335 continuam.
666 2292 750 2330 Erit
768 2290 869 2330 adeo
889 2302 930 2330 et
950 2290 1060 2329 hicce
1078 2288 1221 2329 fructus
1242 2305 1268 2332 e
1290 2290 1412 2341 libro,
1441 2304 1484 2331 ut
1512 2293 1606 2334 hinc

86 2365 247 2413 quoque
275 2353 322 2393 ad
352 2352 583 2405 patientiam
614 2347 756 2387 laboris
777 2355 818 2385 et
844 2347 1047 2387 molestiae
1072 2348 1226 2385 animus
1252 2345 1446 2388 adsuefiat.

198 2411 275 2451 Sed
294 2409 421 2449 ridere
442 2405 584 2448 videris
594 2408 673 2454 Tu,
701 2404 907 2453 miFrater,
940 2417 1030 2442 cum
1051 2416 1116 2442 me
1135 2404 1241 2442 vides
1261 2401 1488 2456 poscentem
1504 2403 1604 2447 haec

81 2466 214 2511 severa
239 2464 386 2506 saeculo
410 2465 506 2514 hoc,
535 2462 583 2502 ad
602 2473 765 2500 omnem
783 2472 978 2513 vergente
1006 2460 1232 2510 mollitiem,
1260 2461 1380 2500 etiam
1406 2462 1447 2500 in
1468 2461 1602 2513 rebus,

79 2538 184 2579 quae
203 2521 440 2574 disciplinam
461 2521 669 2572 attingunt.
726 2517 872 2556 Omnia
890 2529 998 2556 nunc
1026 2517 1246 2556 litterarum
1272 2516 1446 2558 studiofis
1473 2516 1602 2560 facilia

79 2583 155 2625 {int
174 2592 214 2620 et
231 2581 351 2618 veluti
369 2592 504 2629 prona.
562 2575 707 2613 Omnia
726 2573 877 2625 absque
899 2571 1039 2612 sudore
1053 2574 1178 2625 parari
1198 2572 1349 2614 debent
1365 2583 1406 2613 et
1423 2576 1600 2626 pulvere.

78 2643 134 2683 At
153 2638 337 2679 fitiamuS,
363 2634 517 2682 Frater,
547 2630 614 2672 suo
640 2631 728 2670 illos
755 2632 888 2669 virere
915 2628 1045 2668 modo.
1103 2629 1262 2669 Nostros
1287 2643 1475 2684 cogemus
1496 2631 1598 2672 adeo

76 2691 209 2737 severa
231 2689 422 2744 proficere
440 2692 531 2743 lege
550 2689 746 2741 patienter
765 2697 843 2738 que
864 2697 904 2725 et
928 2693 1019 2724 Cum
1036 2684 1215 2725 molestia
1229 2689 1370 2727 multa.
1576 2686 1578 2688 ’

191 2743 469 2800 compensabit
494 2748 677 2785 virtutem
699 2742 810 2791 hane,
842 2743 1106 2790 constantiam,
1134 2740 1407 2782 fortitudinem
1425 2754 1596 2784 commo.

71 2802 171 2849 dum
193 2802 303 2855 illud,
319 2815 376 2855 ut,
393 2803 439 2843 ad
456 2803 622 2858 singulas
647 2808 762 2841 ‘voces
780 2796 935 2851 phrases
956 2812 1034 2851 que
1053 2800 1205 2850 attenti,
1228 2798 1373 2841 discant
1384 2800 1464 2840 Tui
1482 2799 1597 2845 fimul

1685 1149 1687 1194 l
