1722 3086
195 127 261 175 94
343 116 580 162 LLssERH.
624 116 840 164 CARm.
880 118 933 164 A.
954 120 1011 164 V.
1037 120 1085 166 C.
1115 119 1235 176 946.
1269 117 1621 181 CHR.N.1'93.

632 236 650 256 ΙΙ

189 231 466 300 υσύμμετρον
503 230 582 280 καὶ
610 235 626 256 '²
686 230 927 302 κεκριμένην
964 236 1221 287 moderatam
1240 255 1291 288 ac
1310 237 1522 308 dqfim'tam
1551 260 1690 295 rerum

190 302 421 370 »διοίκησιν
445 302 753 375 ὀνομάζουσιν,
792 307 926 357 olma&
961 312 1356 380 administrationem
1368 317 1597 380 nominant,
1605 319 1690 389 sed

188 383 504 453 ,,μικςολογίαν
546 382 623 432 καὶ
663 382 921 441 ἀθλιότητα
956 396 1003 438 ut
1024 387 1177 458 sordes
1230 397 1270 439 et
1320 389 1528 461 miseriam
1576 397 1688 446 vitae

279 515 338 553 nn)
362 514 399 547 In
410 514 459 549 Μ.
470 514 525 547 Ba.
537 517 587 547 aa)
603 512 703 548 abest.
721 514 828 548 Mart.
853 522 893 548 ut
909 514 944 548 in
960 516 995 550 B.
1012 525 1045 551 2.
1063 525 1098 550 et
1114 517 1186 550 Par.
1200 525 1252 555 1..
1274 527 1310 551 v.
1327 518 1374 554 N.

187 634 323 675 &exto
349 628 450 676 quod
470 627 587 676 aeque
603 627 789 676 suppleas,
819 629 860 666 it.
880 629 972 667 adeo
987 640 1133 668 tantum
1152 644 1258 677 pron.
1280 635 1407 677 αὑτῶν,
1435 646 1457 681 e
1479 647 1532 684 pr.
1549 642 1685 684 χρημᾶ.

187 693 280 720 των,
312 675 401 715 ficut
420 677 596 725 peculiari
618 676 721 714 sensu
740 682 892 722 διοίκησις
909 679 963 718 dr.
989 678 1037 716 sic
1063 681 1227 718 absolute
1246 683 1372 719 aerarii
1390 683 1415 720 s.
1434 683 1508 722 fisci
1529 686 1686 723 admini-

186 725 312 767 stratio
337 726 363 764 s.
391 728 629 775 procuratio,
667 726 714 763 cf.
735 727 817 763 lnd.
847 727 959 764 Dion.
989 728 1085 775 Cas.)
1113 731 1361 779 §.fragae-m,
1398 733 1624 772 moderatam
1651 745 1687 773 et

187 777 411 827 prudentem
428 775 744 827 dffensationem‘
771 777 882 824 plane
900 777 961 814 hic
977 790 1061 815 cum
1083 781 1145 828 Bg.
1166 780 1206 815 in
1227 781 1297 818 adi.
1318 782 1462 828 primo,
1485 784 1588 832 quod
1606 786 1688 832 Stp.

189 827 234 865 ad
254 840 303 864 m.
324 828 361 864 P.
381 826 528 875 prorsus
548 824 726 876 negligit,
757 837 802 863 ut
822 826 862 863 in
880 826 952 863 Th.
972 826 1142 876 ignorat,
1166 841 1244 865 non
1263 829 1353 867 item
1370 831 1412 868 L.
1433 832 1518 868 Ern.
1547 836 1689 874 „mode-

187 887 295 915 ratus
313 876 339 914 s.
358 878 542 926 prudens«
571 887 730 924 peremta
749 876 918 913 notionis
940 888 1066 925 parte,
1098 876 1159 913 sed
1181 890 1302 925 neque
1319 879 1388 916 hac
1405 880 1589 924 notione,
1623 895 1688 920 ne-

187 938 264 975 que
281 926 393 964 altera
410 927 461 964 ib.
480 925 673 975 cognitum
693 925 807 969 mihi,
838 937 881 963 ut
899 928 962 974 Bg.
975 927 1052 962 Lat.
1074 938 1132 974 ap.
1145 927 1191 963 G.
1215 928 1290 966 Th.
1316 930 1462 970 „homo
1480 929 1593 981 frugi,
1618 930 1686 979 (cf.

188 975 305 1022 alibi,)
322 975 361 1012 in
386 974 514 1024 primis
535 982 775 1022 temperans“
800 985 928 1022 aptum
947 974 1039 1012 adeo
1058 976 1120 1013 hic
1141 977 1255 1013 modo
1274 975 1340 1020 fic,
1373 977 1400 1015 fi
1418 992 1472 1028 pr.
1494 990 1602 1027 σωῳρ.
1620 991 1688 1029 pro

187 1028 268 1075 syn.
289 1038 372 1062 cum
392 1025 442 1073 sq.
463 1025 512 1061 ib.
531 1041 609 1071 μεμ.
629 1023 806 1071 accipias,
830 1023 890 1060 sed
909 1024 1110 1062 secundum
1128 1026 1198 1064 adi.
1217 1039 1274 1074 ap.
1297 1029 1342 1064 G.
1362 1029 1438 1066 Th.
1458 1041 1540 1066 cum
1554 1031 1619 1067 Gr.
1637 1042 1691 1074 n.,

190 1088 269 1124 quo
291 1075 367 1111 Lat.
393 1074 560 1111 redditur
588 1085 738 1121 quoque
759 1086 777 1109 a
793 1075 872 1122 Stp.
893 1073 938 1110 ad
959 1076 995 1112 P.
1017 1086 1129 1123 marg.
1156 1087 1194 1112 et
1211 1075 1250 1112 in
1269 1077 1343 1113 Th.
1363 1077 1531 1122 aliunde,
1564 1079 1605 1116 it.
1631 1091 1690 1128 ap.
1709 1094 1717 1100 ·

186 1124 285 1168 Poll.
306 1136 341 1169 9,
363 1137 442 1169 24.,
476 1123 524 1160 cf.
547 1122 649 1160 Suid.
674 1134 708 1170 3,
729 1128 810 1169 396.
835 1136 883 1159 m.
922 1123 1061 1161 Thom.
1082 1125 1136 1162 M.
1149 1136 1194 1174 p.
1216 1134 1298 1171 819.
1322 1127 1422 1165 Mor.
1444 1127 1490 1166 ad
1506 1129 1626 1179 Long.
1647 1141 1686 1178 p.

190 1183 273 1217 182.
295 1187 328 1210 e.
350 1174 428 1211 Ind.
447 1175 540 1211 Xen.
559 1172 669 1210 Bach.
689 1173 773 1209 Luc.
792 1183 830 1210 et
847 1173 954 1210 Polb.

238 1226 382 1272 κεκριμ.)
410 1221 586 1271 Opponit
603 1238 691 1269 κεκς.
712 1225 740 1259 δ.
761 1222 794 1259 ei
806 1247 816 1265 ‚
849 1223 950 1271 quod
969 1222 1065 1261 dixit
1083 1234 1168 1261 ante
1187 1229 1333 1272 ἀκρίτοις
1352 1228 1688 1277 μεγαλοδως.8ῑερό.

186 1271 267 1310 Pol.
284 1275 512 1321 prudentem,
541 1274 606 1321 Bg.
627 1283 707 1308 non
726 1284 841 1320 aeque
859 1271 964 1310 reae.
990 1273 1106 1310 Leisn.
1156 1275 1327 1313 Mallem:
1353 1273 1613 1315 confideraram
1632 1277 1690 1315 iu-

188 1321 364 1369 dicioque
383 1334 421 1360 et
442 1322 643 1369 prudenter
664 1320 879 1359 institutam.
924 1324 968 1362 ln
986 1336 1035 1361 m.
1056 1324 1110 1362 M.
1133 1325 1193 1374 Bg.
1218 1326 1324 1362 Idem.

290 1375 384 1409 Sane
401 1375 465 1421 Eg.
485 1372 563 1408 Lat.
592 1382 671 1407 non
702 1370 786 1407 satis
814 1372 975 1414 bonum,
1008 1385 1078 1409 nec
1105 1386 1187 1410 cum
1207 1373 1310 1411 subst.
1336 1374 1436 1413 istius
1454 1387 1511 1422 ap.
1533 1375 1582 1412 G.
1598 1375 1688 1418 Th...

187 1435 260 1460 nec
281 1435 344 1470 per
363 1422 467 1459 Indd.
483 1446 494 1463 ‚
524 1420 587 1458 sed
606 1429 649 1458 ut
665 1432 809 1463 tamen,
837 1420 1018 1464 sumtum,
1047 1432 1091 1459 ut
1118 1422 1396 1472 fimpLfinitus,
1435 1437 1503 1472 pro
1531 1423 1688 1462 circum·

187 1472 343 1519 scriptus
366 1472 390 1507 s.
407 1471 589 1508 limitatus
611 1471 722 1518 vulgo
736 1493 748 1512 ,
777 1470 948 1519 respiciat
965 1484 1018 1519 pr.
1039 1472 1225 1521 infinitus,
1262 1473 1286 1509 i.
1305 1477 1458 1511 modum
1473 1474 1619 1517 ‚habens
1644 1486 1687 1512 ac

185 1519 301 1559 finem
319 1520 482 1568 aliquem
495 1545 506 1562 ,
547 1531 584 1556 et
610 1519 702 1556 adeo
731 1520 899 1567 proximo
917 1535 1019 1566 συμμ.
1038 1519 1261 1566 finitimum,
1292 1521 1511 1572 rediensque
1534 1523 1686 1561 tandem

185 1571 234 1608 ed
252 1573 313 1607 Sb.
337 1581 374 1606 et
390 1570 458 1605 alia
478 1571 558 1616 Stp.
578 1569 651 1606 Th.
672 1568 842 1611 aliunde,
869 1582 962 1618 quae
981 1571 1069 1607 etL.
1087 1572 1174 1608 Ern.
1194 1584 1228 1608 v.
1242 1588 1293 1618 κς.
1311 1572 1445 1619 partim
1463 1572 1613 1621 repetit,
1635 1572 1687 1609 cf.

184 1621 275 1658 Abr.
298 1619 358 1656 Dl.
381 1620 455 1655 Th.
479 1622 649 1666 p.64.m.
678 1630 758 1663 227.
778 1618 824 1660 i..
859 1619 924 1656 ubi
942 1620 1038 1657 bene
1056 1630 1289 1668 comparatur
1313 1627 1568 1667 λελογισμένως.
1603 1621 1685 1659 Ind.

181 1668 295 1707 Polb.
318 1680 357 1706 et
371 1669 466 1707 Xen.
485 1669 576 1714 Ἀνβ.
595 1669 714 1710 Mola,
745 1667 786 1705 it.
804 1670 922 1706 Barth.
952 1669 996 1706 ad
1016 1667 1158 1706 Briton.
1176 1669 1310 1718 Philip.
1334 1673 1369 1712 6,
1382 1679 1461 1716 351.
1490 1683 1525 1718 p.
1545 1679 1625 1717 με.
1652 1684 1686 1710 e.

187 1720 383 1756 Caeterum
407 1719 578 1765 copulam
596 1719 634 1755 Ρ.
652 1716 809 1754 ostendit
826 1716 887 1753 hic
905 1717 1098 1764 disertam,
1130 1717 1195 1756 etti
1221 1719 1432 1767 negativam
1452 1719 1599 1757 alteram
1617 1732 1688 1767 op·

182 1768 351 1855 prilrnens
365 1793 375 1810 .
410 1767 566 1816 elapsam
589 1766 630 1805 in
647 1767 720 1804 Ms.
742 1767 870 1816 potius
891 1768 939 1805 ob
956 1767 1007 1817 sq.
1032 1783 1090 1810 κε,
1122 1780 1233 1817 quam
1260 1779 1303 1805 ut
1329 1768 1538 1819 asyndeton
1553 1768 1687 1807 Noster
1706 1791 1708 1793 ·

214 1831 236 1853 ο
255 1828 364 1855 uerit.
1680 1853 1682 1855 ,

183 1830 209 1866 P
232 1869 378 1917 μικροθ..)
406 1867 488 1907 Sch.
516 1884 582 1915 υμ-
603 1865 752 1909 sordes,
774 1866 997 1910 avaritiam.
1021 1867 1060 1913 (e
1072 1867 1110 1904 P.
1133 1866 1289 1915 partim,
1318 1867 1406 1904 atin
1417 1870 1500 1915 5132.
1513 1879 1597 1905 cum
1609 1869 1686 1917 Bg„

180 1915 261 1964 sed)
280 1925 313 1965 β.
337 1919 432 1955 vitae
444 1918 588 1968 finies,
623 1917 671 1955 ἐν.
690 1920 793 1954 τοῦτο
811 1932 845 1961 μ,
859 1942 870 1959 ,
895 1916 1110 1965 vituperant
1128 1917 1190 1954 hoc
1206 1928 1380 1964 tanquam
1392 1915 1545 1966 sbrdes“
1571 1917 1686 1955 etiam

180 1970 245 2020 Bg.
265 1973 306 2011 ὡς
326 1968 524 2007 ass'umente
541 1967 582 2005 in
600 1966 725 2008 subst„
763 1979 842 2003 non
859 1967 932 2004 huc
950 1965 1137 2012 spestante
1155 1967 1234 2014 Stp.
1254 1966 1329 2002 Th.
1348 1965 1386 2002 in
1404 1983 1464 2012 μ.,
1491 1979 1574 2003 cum
1596 1967 1682 2004 Sch.

180 2021 263 2059 Lac.
283 2031 355 2057 utr.
374 2016 533 2064 (cf.1nd.
558 2017 650 2054 Luc.
667 2015 769 2052 Polb.
789 2027 829 2052 et
846 2016 942 2052 The.
965 2016 1035 2052 Ch.
1053 2027 1137 2052 cum
1161 2017 1212 2052 N.
1236 2015 1345 2061 Cas.,)
1366 2015 1427 2053 sed
1447 2015 1575 2053 misere
1597 2028 1684 2062 pau.

179 2081 267 2120 pere
286 2070 328 2106 in
354 2072 441 2109 „5²⁶3-
471 2065 629 2107 miseria,
645 2084 682 2092 —
710 2076 982 2110 nonnunquam
1013 2069 1048 2102 ἃ.
1075 2077 1114 2102 et
1139 2068 1307 2110 δυστυχία
1329 2065 1577 2112 copulantur«
1608 2063 1683 2102 fine

179 2119 328 2156 austere
346 2128 566 2164 utrumque,
601 2115 642 2151 in
664 2125 772 2162 marg.
801 2113 844 2149 ad
865 2114 904 2151 P.
927 2123 1048 2150 autem
1067 2113 1231 2150 faciente
1256 2126 1340 2155 eum
1361 2116 1423 2162 Bg.
1439 2139 1451 2156 ,
1486 2126 1560 2162 quo
1577 2112 1684 2151 sensu

179 2181 261 2206 non
279 2178 354 2204 tam
373 2167 417 2204 ad
439 2166 539 2203 cives
556 2162 763 2211 pertineat,
789 2162 854 2211 qui
873 2162 913 2198 in
931 2161 1147 2210 parsimonia
1168 2174 1293 2209 regum
1314 2162 1607 2217 miseranitam
1622 2164 1686 2200 de-

178 2228 299 2268 gunt,
334 2229 443 2262 quam
471 2213 597 2262 potius
625 2212 670 2249 ad
689 2212 936 2260 imperantes,
971 2224 1055 2248 cum
1080 2212 1128 2247 ob
1159 2211 1347 2248 avaritiam
1377 2222 1539 2249 tenuiter
1569 2222 1703 2260 atque-

180 2267 274 2305 adeo
295 2265 424 2302 misere
443 2265 600 2303 vivunt,
628 2272 670 2299 ut
688 2261 731 2299 fit
752 2260 887 2309 prioris
906 2259 1115 2298 adiunRum
1132 2271 1171 2298 et
1192 2261 1270 2308 syn.
1284 2285 1296 2301 ,
1332 2260 1536 2310 reddasque
1556 2261 1682 2297 tenui-

179 2327 297 2354 tatem
319 2315 345 2351 s.
366 2315 547 2351 vilitatem
567 2309 688 2353 vitae,
724 2309 834 2347 nobis
852 2311 1032 2358 Knrgheit
1054 2309 1130 2346 und
1150 2309 1518 2358 Niedertr'zichtigkeit
1535 2309 1599 2347 des
1616 2310 1697 2346 Lem

177 2368 261 2406 bens
276 2390 287 2407 ‚
322 2364 437 2411 (unde
456 2361 564 2399 etiam
583 2374 640 2408 ap.
659 2360 753 2397 Poll.
776 2371 855 2402 111,
877 2364 957 2395 116.
980 2359 1044 2396 sub
1060 2359 1175 2396 titulo
1197 2361 1242 2396 de
1257 2372 1380 2406 parco,
1407 2360 1470 2396 sed
1491 2371 1570 2396 non
1585 2361 1700 2397 bene-

176 2415 366 2455 redditum
393 2410 664 2460 infortunium)
695 2409 754 2446 vel
781 2407 1000 2445 tenuitatem
1031 2408 1170 2450 xristus,
1211 2421 1306 2456 quae
1331 2412 1486 2452 ἀσθενεῖ»,
1520 2413 1593 2455 βίου
1621 2420 1680 2455 ap.

176 2464 312 2504 Herdt.
337 2476 416 2508 127,
438 2473 495 2511 39.
523 2464 606 2506 641,
625 2468 683 2505 48.
704 2457 752 2494 cf.
772 2458 819 2494 N.
838 2468 877 2495 et
897 2456 968 2494 adi.
987 2455 1105 2500 ἅθλιος
1125 2470 1181 2504 ap.
1204 2458 1319 2494 Dion.
1340 2461 1389 2496 H.
1407 2475 1444 2496 or.
1466 2459 1559 2495 σιν-ιθ.
1581 2457 1624 2494 ὂν.
1642 2459 1679 2493 S.

179 2516 227 2552 T,
251 2527 284 2553 2,
313 2525 347 2558 5,
367 2524 422 2559 23.
452 2524 515 2560 pro
532 2508 695 2547 curiosus
716 2506 918 2545 [solicitus
935 2507 1062 2550 nimis,
1086 2507 1202 2554 qualis
1222 2518 1260 2544 et
1278 2520 1333 2555 pr.
1354 2502 1566 2554 μικρολόγος,
1593 2506 1676 2542 coll·

177 2564 258 2613 sqq.
284 2563 356 2606 ib„
392 2565 453 2610 Rg.
481 2560 524 2596 ad
542 2558 647 2596 Arist.
667 2556 765 2593 Plur.
786 2569 820 2592 v.
839 2565 920 2602 834.
955 2556 1051 2594 Plut.
1074 2555 1140 2592 Hs.
1161 2569 1197 2603 p.
1212 2567 1266 2603 74.
1288 2570 1322 2592 e.
1350 2557 1435 2593 Rsk.
1454 2555 1498 2592 ad
1521 2555 1623 2591 Polb.
1643 2567 1678 2602 p.

176 2627 220 2659 4¹
232 2624 262 2649 1.
279 2626 328 2648 m.
353 2613 433 2649 lnd.
453 2612 561 2646 Dem.
584 2608 653 2644 Nr.
674 2608 735 2653 2),
766 2606 826 2642 cui
848 2605 929 2641 add.
953 2609 1035 2652 536,
1048 2616 1078 2647 7.
1092 2630 1103 2647 ,
1128 2618 1205 2642 non
1228 2616 1383 2643 tenente
1400 2604 1567 2651 Stp.Th.
1581 2615 1618 2641 et
1636 2606 1677 2641 L.

174 2663 267 2700 Ern.
287 2661 326 2697 in
346 2674 378 2699 v.
399 2660 491 2697 ὄνειδ.
512 2658 590 2693 Lat.
612 2659 695 2706 Bg.,
723 2654 809 2702 qui,
837 2665 991 2702 propter
1009 2655 1192 2691 assumtam
1212 2655 1427 2702 particulam
1445 2658 1510 2696 ὣς,
1539 2652 1576 2691 id
1597 2666 1679 2690 ver-

175 2713 263 2749 bum
285 2709 428 2757 accepit
445 2719 531 2744 cum
551 2717 624 2744 acc.
642 2705 695 2742 rei
715 2704 877 2751 duplici,
900 2704 961 2746 τήν
978 2709 1150 2748 μεταβ-
1170 2704 1259 2741 ὁνειδ.
1278 2715 1406 2750 μικρολ.
1424 2715 1457 2741 Λ.
1470 2727 1483 2745 ,
1518 2701 1618 2740 secus
1636 2713 1678 2738 ac

175 2761 243 2806 P..
269 2759 358 2810 qui,
384 2758 513 2798 addito
533 2756 604 2794 dat.
623 2766 731 2806 pron.
749 2753 841 2803 pers.
862 2753 952 2796 tibi,
979 2752 1132 2792 fortaffis
1145 2753 1351 2802 esuppleto
1367 2764 1475 2802 pron.
1492 2759 1570 2796 w),
1597 2764 1678 2791 non
