1722 3086
117 103 237 153 944
306 86 487 135 LIBER
509 85 587 132 IV.
621 81 836 131 CARIX.
867 83 922 130 A.
945 83 1001 130 V.
1024 82 1074 132 C.
1096 86 1209 145 969.
1243 85 1594 149 CHR.N.216.

117 207 287 267 πολλοὶ
321 208 459 259 τοίνυν
495 198 630 260 αὐτὸν
664 207 682 228 ¹³
732 202 895 252 ἐκειῖνων
944 220 986 267 5.
1024 210 1142 255 Cum
1192 225 1302 271 ergo
1351 214 1473 261 varie
1528 214 1675 281 ipsum

119 287 408 358 σκωψοῖυτωυ
442 283 485 343 ἔς
504 304 555 334 τε
577 288 596 308 ⁰
621 277 697 337 τὴν
727 281 806 330 τοῦ
839 282 892 330 α’-
932 285 1124 334 cavillati
1183 285 1364 336 fuiffent
1422 292 1554 339 etiam
1612 293 1674 344 ob

210 427 247 464 n)
274 423 339 456 Ms.
360 421 418 452 Ba.
449 420 562 450 ι’κεὶνων
586 417 677 449 αὖτὸν
698 419 796 454 cxxiv.
825 423 861 446 v.
881 412 930 448 N.
1010 416 1046 454 ο)
1073 414 1112 448 ln
1139 415 1206 449 Ms.
1226 414 1284 448 Ba.
1311 417 1340 453 ες
1365 418 1421 453 γῆν
1444 430 1480 451 f,
1504 419 1557 453 ἢ,
1584 418 1675 455 abest

117 486 176 514 n,
200 471 296 516 quod
321 470 394 511 Stp.
414 465 502 497 male
531 463 647 495 habet.
675 464 787 496 Mart.
808 471 845 493 ν.
864 459 913 496 N.-

116 589 222 629 Plut.
244 587 331 634 Krg.
356 582 448 620 Luc.
476 579 538 618 sed
568 577 608 615 in
629 589 708 615 rem
731 575 901 613 criticam
925 586 966 613 et
990 573 1253 613 confufionem
1284 577 1426 616 D'Arn.
1451 578 1525 618 An.
1546 581 1608 618 Cr.
1634 592 1673 629 p,

118 651 207 684 205-
227 638 249 675 ᾗ,
273 648 360 673 cum
379 634 498 682 Lyco.
519 643 554 666 v.
574 633 660 670 608.
722 629 796 666 Sed
819 627 911 663 Mss.
932 638 993 663 res
1014 626 1139 673 primo
1163 628 1379 666 communis
1401 628 1453 666 est
1473 631 1514 667 in
1535 631 1674 668 confu-

118 690 165 729 ἧς
193 687 333 726 iterum
367 702 395 723 ε,
418 694 458 720 et
490 698 555 723 ειν,
581 678 631 718 cf.
652 692 685 722 2,
709 691 768 720 12,
794 690 875 720 m.,
913 676 1055 714 deinde
1086 677 1287 726 peculiaris
1313 678 1356 716 in
1376 680 1451 717 Ms.
1471 682 1540 719 Ve.
1569 682 1628 719 vel
1650 693 1674 718 e

117 739 224 789 lapsu
244 738 407 774 scribae.
436 733 497 768 vel
531 744 596 779 per
617 729 789 780 glossam,
817 740 861 765 ut
885 727 1013 765 schol.
1032 729 1094 765 Ar.
1117 727 1230 776 Vesp.
1252 743 1288 765 v.
1317 741 1422 774 1277.
1438 728 1590 774 guum,
1613 737 1674 770 ἂν·

119 800 155 832 r}
174 793 238 828 τοῦ
259 793 425 828 ἐκάκισεν,
454 784 500 819 ab
519 783 555 818 h.
569 782 591 817 1.
613 793 738 818 tamen
760 779 936 819 alienam,
964 778 1025 815 cui
1047 779 1232 816 convenit
1253 779 1387 828 potius
1404 781 1518 830 Hesy.
1539 795 1574 825 2,
1589 784 1672 824 286.

118 856 156 880 e,
176 858 248 880 m„
277 842 399 878 λυπεῖ,
428 833 535 882 quod
556 844 624 880 per
644 830 892 868 variationem
915 829 941 864 i.
959 840 995 878 q.
1016 828 1153 876 phrasis
1182 841 1236 876 pr.
1255 835 1391 878 λυπηρά
1416 831 1493 874 ἔτι,
1517 832 1563 869 ad
1591 831 1676 871 sen·

118 893 202 932 sum
224 890 322 927 reste
342 886 525 934 explente
547 885 585 920 P.
607 894 716 930 pron.
736 879 938 919 demonstr.
961 891 1050 917 ante
1071 878 1126 918 ὄσ.
1141 905 1151 922 ,
1180 880 1242 917 sed
1264 882 1385 918 libere
1403 881 1543 920 iterum
1562 893 1676 932 agen-

117 955 160 983 te
193 941 234 978 in
264 940 315 988 sq,
336 942 411 979 ἑὼ,
447 935 513 973 ubi
536 934 583 971 ad
605 933 755 981 analog.
781 932 901 968 modo
928 929 1105 967 scribitur
1125 941 1165 968 et
1184 930 1226 968 in
1245 943 1279 967 v.
1306 936 1357 970 ἐλ.
1378 943 1467 971 cum
1493 938 1552 973 ἀλ.
1571 944 1613 971 et
1630 933 1674 972 in

116 996 197 1033 hoc
217 1003 304 1028 cum
323 988 390 1033 οἱμ.

166 1043 307 1086 πολλὰ)
337 1040 424 1076 Hoc
442 1035 514 1073 adi.
539 1033 686 1073 servans
709 1033 770 1074 P.,
796 1042 926 1068 tamen
944 1029 1087 1068 deinde
1109 1029 1179 1067 alia
1204 1043 1348 1076 mutat,
1376 1034 1436 1079 (et
1455 1046 1501 1071 ex
1523 1046 1572 1071 eo
1590 1046 1676 1083 par-

118 1096 193 1135 tim
213 1094 300 1130 Sch,
318 1103 353 1127 v.
377 1105 432 1129 σχ.
467 1098 618 1136 „quum
643 1093 710 1133 per
731 1080 889 1126 modun}
907 1082 1038 1118 cavilli
1056 1082 1175 1119 multa
1204 1083 1243 1119 in
1270 1096 1359 1121 eum
1378 1083 1601 1134 dix-ffm‘q
1626 1097 1674 1125 ut

117 1149 186 1196 Bg.
206 1142 279 1180 adi.
298 1141 338 1178 id
361 1140 399 1176 in
424 1137 508 1175 adv.
523 1164 533 1181 ‚
561 1149 605 1173 ex
623 1133 777 1182 Apulei.
808 1144 866 1180 ap.
888 1134 936 1170 G.
951 1132 1026 1168 Th.
1047 1131 1087 1169 in
1111 1145 1146 1168 v.
1168 1134 1293 1170 cavill.
1318 1147 1405 1172 cum
1425 1135 1493 1172 Gr.
1514 1148 1576 1179 n.‚
1603 1148 1675 1174 ne-

119 1194 274 1235 cessario
293 1191 451 1241 quidem
465 1215 476 1232 ‚
504 1187 595 1224 dum
615 1186 697 1222 Lat.
717 1196 796 1221 non
818 1183 960 1220 habent
980 1182 1087 1219 illum
1107 1195 1183 1219 acc.
1205 1196 1292 1220 cum
1312 1184 1387 1223 suis
1402 1197 1438 1222 v.
1460 1198 1519 1229 v.,
1542 1196 1583 1223 et
1601 1188 1670 1224 Gr.

120 1248 212 1288 ine,
238 1245 284 1282 ad
314 1242 461 1289 analog.
493 1239 610 1276 modo
638 1233 836 1272 adiunstus
855 1246 874 1269 a
898 1233 1060 1276 Nostro,
1089 1232 1156 1277 (cf.
1180 1235 1276 1272 Xen.
1299 1237 1389 1284 Cyr.
1417 1247 1451 1280 5,
1472 1249 1506 1277 2..
1532 1246 1607 1280 18..
1631 1247 1672 1275 et
1721 1258 1722 1265 κ

118 1299 231 1346 supra
253 1307 290 1336 2,
305 1294 403 1338 7,4.)
430 1287 643 1337 supplendo
663 1298 718 1334 pr.
739 1288 851 1341 itare,
881 1296 951 1332 pro
973 1283 1056 1319 adv·
1075 1283 1201 1322 haberi
1224 1286 1358 1334 potest.
1396 1286 1472 1324 Sed
1487 1287 1673 1326 Munus

120 1347 242 1389 ordo,
271 1344 312 1381 in
333 1342 441 1379 aliter
461 1341 586 1376 locato
608 1348 718 1386 pron.
743 1345 878 1371 iterum
893 1361 903 1377 ‚
931 1333 981 1373 cf.
1007 1343 1040 1380 3»
1062 1342 1097 1376 8»
1116 1347 1152 1381 9.
1175 1334 1222 1377 i..
1249 1336 1347 1373 nihil
1368 1336 1588 1375 laevitatem
1614 1338 1673 1376 iu·

120 1405 239 1440 van„
265 1393 382 1432 modo
404 1390 593 1440 pertinere
622 1386 772 1423 videtur
794 1385 839 1420 ad
869 1384 1097 1426 refflonem,
1126 1395 1170 1420 ut
1198 1387 1315 1423 accus.
1343 1386 1388 1424 fit
1417 1388 1582 1436 propior·
1603 1389 1669 1426 suo

120 1464 184 1493 v.,
213 1444 311 1484 nihil
332 1441 544 1481 definiente
574 1440 639 1481 P„
680 1436 745 1485 qui
770 1447 809 1472 et
837 1435 998 1472 alterum
1022 1447 1130 1482 pron.
1154 1447 1240 1485 gen.
1269 1437 1450 1485 oppreffit
1475 1429 1568 1476 cum*
1593 1441 1671 1488 Bg„

118 1501 189 1540 ubi
215 1498 308 1535 olim
327 1493 589 1533 restituemus,
614 1500 722 1528 curn,
746 1497 789 1523 ut
808 1487 898 1528 Gn,
926 1483 974 1522 {ic
995 1496 1036 1522 et
1057 1485 1138 1522 Lat.
1161 1486 1324 1531 addant,
1350 1487 1416 1526 etfi
1439 1499 1508 1538 per
1534 1488 1573 1526 se
1597 1489 1670 1527 mi-

119 1564 195 1591 nus
219 1544 485 1585 necessarium,
507 1539 574 1578 nifi
596 1536 725 1588 quoad
747 1536 797 1573 est
826 1536 864 1572 in
887 1533 1086 1584 oppofitis.

174 1597 211 1643 ἔς
239 1598 305 1645 τε)
346 1591 509 1632 Portaffe
536 1587 679 1645 scripsit
707 1585 869 1643 Her-oui.
898 1582 934 1628 ’ἐς
960 1600 1002 1622 τε
1029 1581 1126 1623 ἄλλα
1153 1585 1209 1629 κω)
1235 1593 1297 1630 τὴν
1321 1604 1355 1626 τ.
1373 1589 1431 1627 ἂδ.
1458 1592 1512 1627 ἄν.
1545 1589 1667 1639 Stepb.

117 1653 221 1693 Dele
238 1655 293 1688 τε.
344 1645 403 1684 llli
427 1641 653 1681 accumulati
678 1647 838 1687 genitivi
862 1635 1157 1683 consequentiae
1183 1637 1357 1675 efficiunt
1382 1638 1669 1684 anacoluthum.

117 1705 234 1742 etiam
254 1712 271 1736 a
294 1694 436 1735 Latinis
463 1695 766 1742 frequentatum.
815 1687 914 1724 Nam
942 1686 1039 1723 resta
1060 1686 1284 1724 construfflo
1314 1687 1523 1738 postulabat
1549 1695 1668 1729 ἐκεῖνος

119 1751 320 1797 exstirpatur&
349 1757 387 1784 et
414 1747 599 1784 καλοῦ-,τες
620 1751 659 1778 et
678 1740 911 1786 χλευάζοντες
940 1748 979 1775 et
999 1739 1097 1775 αὐτοὶ
1126 1739 1302 1783 δοκοῦντες
1321 1758 1360 1769 -
1388 1749 1471 1778 tum
1495 1739 1596 1779 reste
1614 1741 1670 1780 se·

116 1804 251 1857 quitur
273 1800 488 1845 ἧνάγκασαν.
523 1789 641 1830 Reisk.
762 1838 770 1846 ⁶
1176 1820 1186 1823 ι

222 1850 423 1897 Copuiam,
451 1845 567 1883 etiam
587 1855 606 1879 a
630 1841 669 1880 P.
692 1839 850 1887 oblique
872 1836 1089 1885 expressam,
1116 1836 1180 1874 sed
1200 1851 1219 1874 a
1242 1839 1316 1876 Ms.
1334 1839 1515 1885 «niestein,
1540 1851 1585 1879 ut
1602 1841 1670 1880 ali-

118 1905 180 1948 bi,
205 1901 314 1940 dedit
337 1902 400 1948 Bg.
420 1910 500 1934 non
535 1906 601 1942 per
622 1903 763 1949 ineram
790 1889 893 1927 iilam
915 1890 1018 1945 Lat,
1044 1887 1105 1926 sed
1127 1902 1148 1926 e
1168 1889 1249 1937 Stp.
1271 1902 1321 1928 m.
1349 1889 1432 1928 fere
1462 1903 1532 1939 per
1548 1903 1668 1930 vocu-

117 1960 206 1998 lam,
231 1964 302 2002 qua
320 1948 496 1987 innuitur
515 1943 661 1985 additio
681 1940 879 1990 quaedam,
905 1950 1020 1976 tacite
1039 1938 1080 1975 in
1100 1951 1231 1977 mente
1249 1940 1426 1990 cogitatis
1443 1941 1527 1979 aliis
1545 1941 1666 1987 fimul,

119 2020 199 2056 quo
228 2001 327 2040 redit
349 2000 411 2038 illa
439 2001 519 2045 Stp.
540 1991 758 2033 emendatio
779 1991 874 2033 Gn,
897 1990 1014 2027 etiam
1035 1991 1100 2026 Vs.
1124 1990 1205 2027 Lat.
1226 1988 1268 2027 in
1295 2003 1344 2028 m.
1360 1991 1425 2034 P..
1453 1990 1518 2029 ubi
1548 1991 1666 2030 lenis-

118 2058 207 2096 fima
236 2052 333 2090 ratio
353 2049 419 2092 fit,
446 2050 593 2085 sumere
611 2049 652 2082 τὲ
676 2055 744 2092 pro
769 2043 850 2079 Lat.
872 2041 914 2077 id
931 2052 1018 2088 que,
1043 2051 1120 2089 quo
1143 2039 1190 2077 de
1206 2040 1317 2083 alias,
1342 2053 1383 2079 et
1404 2053 1553 2079 comma
1571 2041 1664 2091 fige·

116 2122 159 2146 xe
183 2104 262 2154 post
282 2106 414 2145 mmm„
435 2099 525 2136 dum
547 2095 610 2132 ina
622 2095 702 2142 Stp.
716 2093 784 2129 Gr.
796 2093 919 2129 latent
937 2091 1011 2128 iam
1032 2102 1114 2127 non
1133 2088 1250 2128 m'odo
1271 2091 1312 2128 in
1331 2090 1457 2130 nostro
1476 2095 1551 2129 hoc
1561 2093 1662 2137 Lat.‚

118 2157 184 2198 sed
213 2165 369 2204 quoque
390 2151 429 2188 in
459 2162 513 2198 pr.
542 2150 676 2187 πολλὰ,
698 2146 745 2181 ad
775 2142 873 2178 hanc
894 2139 1145 2181 sententiam,
1175 2140 1263 2188 quia
1285 2141 1401 2192 igitur
1419 2152 1502 2181 tum
1528 2144 1662 2181 multis

118 2205 244 2246 modis
267 2203 387 2251 ipsum
408 2200 463 2237 illi
489 2197 669 2237 riserant,
698 2205 778 2230 tum
800 2192 916 2230 etiam
937 2190 1141 2239 praecipue
1159 2191 1208 2227 ob
1228 2190 1354 2229 fratris
1381 2192 1558 2234 caedem
1583 2195 1661 2238 vel,

117 2258 143 2297 fi
165 2260 279 2296 πολλὰ
307 2252 352 2289 ad
380 2252 458 2300 sqq.
482 2247 657 2286 videatur
681 2243 895 2292 pertinere,
929 2252 971 2278 et
998 2254 1064 2288 per
1085 2240 1245 2279 subiesta
1274 2242 1458 2291 quaedam
1485 2244 1659 2291 exempla

116 2305 292 2357 explicari
307 2329 317 2346 ,
344 2314 426 2340 tum
456 2306 497 2339 τὲ
521 2295 688 2335 fimiliter
711 2291 941 2330 retinebitur
966 2290 1038 2328 illo
1062 2293 1126 2341 Bg.
1148 2303 1215 2328 aut
1233 2291 1360 2329 nostro
1384 2292 1515 2336 sensu,
1540 2293 1661 2332 immo

114 2371 157 2398 et
176 2370 246 2407 pro
268 2366 367 2391 mera
387 2351 525 2400 copula
545 2360 631 2398 que,
659 2343 925 2382 subintellesto
947 2342 1029 2378 adv.
1045 2343 1252 2391 praecipue,
1277 2352 1316 2379 et
1334 2342 1376 2379 in
1397 2342 1519 2391 primo
1541 2357 1660 2382 mem-

114 2412 185 2448 bro
205 2420 241 2445 v,
263 2420 316 2444 σκ,
336 2413 501 2449 ponetur
520 2398 635 2436 modo
655 2407 741 2432 cum
763 2406 839 2430 acc.
862 2391 974 2440 pers,
1002 2391 1063 2429 sed
1089 2392 1131 2429 in
1151 2392 1224 2429 hoc
1247 2393 1418 2430 membro
1436 2393 1547 2432 etiam
1570 2407 1658 2433 cum

114 2473 173 2510 pr,
191 2461 247 2500 3:-
275 2454 372 2492 ,ρᾶς
392 2466 411 2489 a
434 2456 498 2501 ΒΞ.
523 2445 711 2487 ἰηῑεΙΙεξὶει
736 2456 804 2492 pro
827 2446 901 2485 διὰ,
929 2454 1004 2491 qua
1022 2442 1187 2480 notione
1207 2443 1376 2481 solennis
1399 2444 1450 2480 est
1469 2445 1511 2481 in
1530 2445 1659 2483 verbis

113 2505 292 2550 laudandi
324 2516 362 2542 et
385 2498 648 2550 vituperandi,
674 2508 751 2545 quo
774 2504 813 2530 et
843 2493 1014 2548 pertinet
1035 2492 1200 2530 nostrum
1221 2506 1255 2530 v.
1283 2509 1359 2537 <m.,
1387 2494 1452 2531 ubi
1471 2495 1552 2543 Stp.
1578 2496 1656 2534 Th.

113 2559 233 2598 modo
260 2555 471 2592 reffionem
501 2552 598 2588 hanc
623 2557 756 2588 tenet,
782 2556 866 2581 non
894 2554 990 2581 rtem
1014 2543 1119 2580 iliam
1139 2546 1201 2591 Bg.
1221 2556 1346 2591 praep.
1369 2554 1403 2591 3.
1427 2549 1511 2586 886.
1532 2545 1571 2581 E.
1591 2557 1656 2587 m.,
1677 2571 1683 2576 .

113 2609 167 2648 cf.
183 2619 308 2645 tamen
328 2605 377 2642 ib.
406 2616 434 2644 r,
462 2605 570 2646 1156.
594 2598 642 2636 G.
665 2610 698 2634 e.
719 2595 812 2632 Bud.
834 2594 999 2650 C31463‚
1015 2596 1071 2630 16.
1095 2593 1136 2630 L.
1151 2593 1334 2631 Boizobs.
1354 2594 1410 2632 M.
1431 2607 1467 2642 p.
1483 2606 1540 2638 ςο.
1562 2595 1653 2643 Vig.

110 2674 151 2708 p,
165 2668 246 2706 573.
270 2656 293 2692 i.
309 2655 478 2691 cumN.,
507 2663 604 2701 quae
623 2646 784 2685 inclinat
796 2656 923 2693 potius
942 2656 1013 2692 pro
1033 2648 1138 2684 κατὰ,
1167 2655 1210 2681 ut
1220 2644 1396 2681 Schw.L.
1409 2645 1508 2682 N.T.
1524 2656 1651 2692 94¹9·

110 2711 190 2752 N.‚
217 2707 307 2745 ΑΜ,
327 2704 370 2741 ad
393 2702 524 2741 Aesch,
550 2713 583 2744 1,
605 2703 690 2746 6⁶3·
710 2710 758 2733 m.
776 2695 820 2732 it.
839 2694 906 2730 Di.
919 2694 995 2731 Th.
1017 2706 1052 2751 P:
1069 2705 1154 2738 795.
1173 2707 1229 2738 e.,
1258 2693 1304 2731 ad
1323 2695 1412 2732 Luc.
1436 2706 1469 2738 1,
1495 2704 1578 2740 581.
1601 2695 1654 2732 N.

110 2773 175 2798 22,
205 2758 247 2795 it.
270 2770 305 2798 2,
328 2766 412 2800 50²-
432 2754 481 2791 N,
504 2760 563 2801 38.
585 2762 669 2791 cum
690 2746 772 2783 ind.
801 2758 835 2781 v.
859 2749 906 2787 εἰς
930 2757 963 2780 e.
982 2755 1022 2782 et
1041 2745 1094 2782 rb.
1117 2755 1203 2780 cum
1223 2748 1256 2786 ἐς
1282 2755 1439 2793 quoque
1471 2756 1503 2788 1,
1519 2754 1604 2792 403.
1625 2744 1655 2782 Ι.
1712 2734 1722 2761 ³

111 2814 172 2848 ειν.
190 2808 246 2847 Fi.
266 2805 313 2845 ad
333 2803 445 2844 Wess.
468 2815 506 2855 p.
525 2804 605 2853 364.
624 2799 649 2837 i.
667 2796 761 2838 Poff.
782 2793 874 2834 Cau.
895 2806 933 2844 p.
948 2804 1036 2841 490.
1057 2797 1142 2842 516.
1166 2806 1214 2832 m.
1238 2795 1323 2834 lud.
1344 2795 1468 2834 Thuc.
1490 2794 1531 2834 in
1551 2795 1650 2834 Nur.
