1722 3086
116 99 220 148 226
262 99 434 147 LIBER
453 98 511 144 11.
541 99 669 146 CAP.
689 99 789 145 VII.
827 101 881 145 A.
903 100 961 145 V.
987 99 1035 145 C.
1061 99 1182 156 946.
1228 101 1448 148 CHR.N.
1469 113 1589 160 193.

116 211 420 269 ὃωιῧέσυο-οιὴ
447 211 599 280 ’γνώμη
620 224 642 248 ⁰
677 212 862 264 ἔκπυ-τοι
898 230 949 266 ut
993 218 1219 266 dimanans
1267 221 1382 268 sama
1440 221 1644 284 vulgaret

120 289 415 360 καὶγνῶςιμοι
437 293 572 359 voigi?
595 297 684 345 τοῖς
698 309 863 359 τες-ζα·
901 313 952 342 ac
992 293 1237 343 notificaret
1283 314 1384 345 curn
1426 283 1643 348 militibus¹

118 366 296 424 τιώταις
315 366 506 422 καὶτοῖς
537 373 713 422 λοιποῖς
736 362 863 416 κοντοὶ
902 384 999 420 tum
1051 373 1231 437 reliquis
1294 390 1374 440 per
1424 376 1643 425 orientem

209 508 244 544 o)
272 506 337 539 Ms.
356 505 412 536 Ba.
431 502 536 535 habet
555 503 670 536 etiam.
689 502 797 535 Mm.
825 501 927 534 etiam
950 502 1033 536 Mss.
1052 502 1115 536 rel.
1144 512 1221 535 curn
1241 501 1321 536 edd.
1334 522 1347 541 ‚
1371 501 1427 536 sed
1454 502 1539 544 offan
1553 505 1645 547 Ing..

118 560 156 585 V.
174 551 223 585 N.
293 551 332 595 p)
358 550 404 582 M.
426 550 480 582 Ba.
502 548 605 581 colon
621 545 795 580 mendose.

117 675 214 712 quae
237 662 333 700 haud
354 661 466 699 dubie
491 662 565 710 i.q.
588 660 738 709 privum
758 673 790 696 v.
814 662 988 708 φανεροῦν.
1015 672 1055 699 et
1071 661 1146 699 h.l.
1163 660 1328 699 indicare
1341 674 1435 699 voce
1454 673 1494 700 et
1504 656 1644 707 coram,

117 726 166 752 ut
185 726 236 762 pr.
255 715 328 757 δηλ.
351 711 489 759 scripto
519 723 558 749 et
577 711 735 752 litteris,
772 709 820 746 cf.
840 723 918 757 cap.
935 711 982 758 sq.
1006 711 1037 761 §.
1061 721 1093 752 g.
1110 737 1122 754 ,
1153 711 1319 748 variante
1340 711 1474 748 Nostro
1505 713 1545 749 jn
1569 715 1644 750 hoc

119 767 195 808 δηλ.
216 775 283 809 pro
305 762 336 811 §
362 775 414 809 pr.
429 762 450 797 i.
464 763 644 807 διαγγελθ.
661 781 671 798 ,
700 759 851 807 sedSrp.
867 762 926 796 Th
954 761 1151 809 ignorante
1166 760 1246 809 pals.
1260 772 1298 797 et
1308 773 1392 798 cum
1410 774 1461 809 pr.
1480 767 1517 802 ἐκ
1533 762 1643 805 adeo,

118 826 234 860 quam
251 825 330 849 non
344 839 354 854 ,
382 824 423 848 ut
447 812 505 848 hic
519 836 528 853 ‚
546 824 635 858 ¹cum
658 809 812 846 nomine
832 809 919 850 loci,
948 812 1006 847 led
1029 821 1152 847 tamen
1172 823 1256 847 cum
1277 823 1311 846 v.
1330 815 1358 849 δ.
1382 811 1496 848 habui
1513 825 1556 849 ex
1571 813 1644 848 Or.

116 863 166 902 R.
186 864 232 898 V.
253 874 287 904 7.
310 865 399 898 Ant.
427 866 612 902 ἀδύνατον,
639 856 864 904 ἀλλαχόθεν,
902 854 920 901 3}
951 864 986 896 ἐκ
1007 868 1072 898 τῶν
1100 863 1322 907 πραχθέντων
1351 863 1560 904 δηλοῧσθαή,
1594 860 1644 898 de

118 925 248 962 praep.
271 925 356 948 curn
379 911 485 947 subst.
516 910 664 947 urbium
696 909 850 956 proprio
879 909 1103 946 nominatim
1126 909 1221 947 nihil
1249 912 1531 958 monente‘Stp.
1553 911 1644 953 Th..

117 974 159 1001 at
186 961 276 1001 Pofl’.
306 963 366 1010 Sy.
398 973 435 1009 p.
459 973 540 998 ιιι.
558 959 583 997 i.
600 985 611 1002 ,
659 959 708 996 cf.
731 962 772 998 L.
795 960 842 997 N.
864 959 1002 996 T.1Kr.
1028 960 1095 997 Nr.
1116 969 1150 1007 3.
1180 970 1220 997 et
1245 960 1364 998 Schw.
1390 972 1423 1008 p.
1447 971 1532 1006 429.
1561 960 1597 996 b.
1618 959 1646 998 i.

116 1025 204 1051 cum
226 1013 274 1049 N.
299 1022 327 1058 3.
1436 1023 1445 1029 ³
1498 1024 1501 1025 ⁷

169 1067 198 1102 δ.
214 1067 234 1105 ἧ
253 1077 294 1106 7⁹
312 1062 323 1104 )
352 1061 434 1095 For.
454 1065 473 1103 ἧ
498 1058 604 1106 φήμη.
623 1059 740 1106 Stepb.
793 1059 851 1096 Ad
870 1055 984 1104 γνιέμη
1007 1058 1137 1096 alludit
1156 1058 1267 1095 etiam
1288 1058 1366 1095 Pol.
1391 1056 1520 1095 Verfio
1534 1083 1545 1099 ,
1580 1057 1645 1095 sed

117 1111 192 1155 ita,
219 1122 262 1147 ut
283 1111 467 1147 veriorem
489 1110 598 1146 etiam
621 1109 703 1145 lest.
726 1105 820 1156 φήμη
838 1108 940 1144 simul
960 1109 1166 1155 exprimat,
1188 1112 1246 1153 (ut
1266 1120 1376 1155 quam
1391 1107 1558 1149 latiffime
1570 1118 1644 1145 toto

119 1160 269 1200 oriente
292 1172 450 1195 ruma-fes
469 1158 819 1205 diil'eminarentur.)
838 1158 930 1205 Syll).
977 1159 1049 1194 Hic
1070 1160 1133 1207 ssg.
1155 1159 1287 1204 probat
1300 1157 1546 1205 Stephanum,
1575 1170 1645 1205 pro

115 1207 235 1259 γνώμη
256 1212 445 1258 legentem
469 1205 585 1255 φέμη,
611 1207 667 1251 (in
693 1209 777 1244 Vol.
803 1219 841 1243 et
861 1220 909 1243 in.
932 1209 1006 1244 Ms.
1026 1209 1110 1256 Eg.)
1130 1206 1248 1244 Leisn.
1307 1207 1398 1245 Non
1419 1208 1541 1256 probo
1561 1209 1642 1256 Stp.

118 1272 161 1300 et
176 1261 237 1298 Sb.
262 1259 563 1295 emendationem
588 1254 713 1303 φήμης.
741 1258 876 1293 Stroth.

222 1310 308 1346 Sch.
335 1324 418 1353 ,mm
439 1311 468 1344 δ.
490 1307 585 1343 fama
603 1313 840 1355 pervagans“
868 1305 971 1354 quod
990 1320 1048 1348 v.,
1078 1318 1164 1343 cum
1186 1315 1225 1353 φ.
1245 1306 1463 1354 usurpatum
1483 1305 1587 1354 supra
1607 1318 1643 1349 2,

123 1373 161 1408 4,
183 1373 216 1406 4.
231 1383 244 1400 ‚
277 1371 362 1395 cum
383 1358 450 1393 rel.
471 1355 654 1393 adiunctis
677 1360 750 1394 ἔκπ.
774 1354 827 1399 nu.)
846 1371 898 1401 γυ.
919 1374 979 1398 κη,
1013 1357 1165 1403 (quibus
1196 1356 1342 1393 duobus
1370 1357 1486 1394 variat
1507 1356 1645 1393 Noster

118 1423 191 1460 pro
222 1421 294 1446 una
323 1405 437 1454 phrasi
461 1420 513 1454 pr.
533 1419 612 1452 φαν,
632 1423 666 1444 x.
684 1431 695 1446 ,
721 1405 958 1454 coniungens
979 1405 1042 1442 hic
1062 1405 1139 1454 syn.
1165 1404 1326 1443 vicinius
1346 1421 1396 1451 γυ.
1420 1423 1456 1444 π.
1483 1415 1523 1443 et
1543 1403 1644 1443 aliud

110 1460 216 1505 im.)
236 1457 342 1493 valde
364 1456 590 1503 probabilem
613 1455 704 1492 facit
725 1458 802 1502 Srp.
824 1453 1097 1498 conieffinam,
1125 1469 1145 1492 e
1166 1456 1206 1492 P.
1227 1455 1340 1492 tacite
1359 1455 1523 1498 due'tam,
1547 1455 1644 1491 seda

121 1511 187 1558 Bg.
208 1508 303 1544 clare
314 1507 398 1543 satis
410 1506 664 1553 approbatam,
676 1515 758 1541 cum
772 1504 874 1541 subst.
888 1519 939 1549 φν.
953 1517 1024 1541 nec
1035 1504 1255 1542 ficabsolute
1266 1505 1361 1542 bene
1373 1504 1563 1552 procedat,
1574 1517 1645 1552 pro

123 1565 144 1603 ἢ
167 1559 230 1596 τοῦ
248 1555 351 1602 δήμου
373 1555 540 1600 Ῥωμαίων
558 1570 633 1599 γι,
669 1565 713 1590 ut
734 1564 813 1590 erat
834 1553 867 1599 §-
889 1567 921 1596 9·
939 1553 961 1590 i.
976 1580 987 1596 ,
1013 1556 1056 1591 ad
1075 1567 1190 1602 quem
1210 1556 1333 1592 locum
1354 1554 1522 1592 librarius
1541 1566 1647 1590 men-

119 1619 160 1645 te
183 1605 405 1653 respexerit,
439 1616 510 1641 nec
530 1606 576 1641 de
594 1619 648 1649 γυ.
670 1603 868 1639 commode
889 1603 1037 1640 valeant
1056 1604 1226 1641 adiunsta
1247 1610 1322 1643 e'nae.
1341 1606 1397 1646 καὶ
1414 1619 1468 1649 γυ.
1481 1619 1518 1642 ς.
1535 1627 1547 1646 ,
1572 1602 1644 1640 «ubi

120 1655 373 1706 supplendum
394 1667 503 1700 pron.
522 1655 637 1705 vasi-rga
657 1653 682 1690 s.
707 1656 815 1694 αὐτὰ,
852 1654 897 1689 ad
917 1665 969 1700 pr.
987 1659 1034 1691 τὰ
1055 1658 1091 1692 ἐκ
1111 1671 1143 1692 τ.
1162 1653 1207 1692 ‘1².
1224 1658 1296 1696 δηλ.
1317 1655 1498 1695 relatum,
1533 1662 1577 1690 ut
1601 1651 1644 1690 in

121 1720 200 1757 quo
212 1705 361 1741 videtur
376 1704 455 1751 spes
469 1703 552 1740 nixa
566 1702 688 1751 Nigri,
714 1701 810 1743 fore,
835 1712 878 1739 ut
902 1702 1088 1740 exercitus
1108 1715 1226 1744 totus,
1252 1703 1316 1751 qui
1339 1715 1423 1740 cum
1438 1715 1485 1739 eo
1504 1713 1581 1739 erat
1601 1700 1644 1739 in

119 1754 340 1806 provincia,
377 1765 415 1789 et
433 1752 569 1799 reliqui
590 1753 804 1789 orientales
822 1751 995 1789 homines
1018 1764 1123 1790 tanto
1149 1753 1291 1789 facilius
1310 1750 1373 1789 fibi
1396 1752 1590 1792 faverent,
1615 1749 1644 1788 fi
1680 1745 1693 1803 ᾖ

118 1804 301 1845 audill'ent
320 1815 430 1851 atque
447 1802 708 1851 cognovill'ent
727 1801 894 1837 favorem
921 1799 1052 1848 populi
1072 1804 1179 1839 Rom.
1209 1800 1321 1849 ipfius
1353 1813 1392 1838 et
1411 1798 1646 1850 efflagitatio·
1682 1803 1686 1807 ’

119 1868 233 1896 nem;
265 1854 366 1890 unde
395 1852 472 1899 ipse
496 1851 629 1888 Noster
648 1850 695 1899 sq.
724 1851 756 1899 §.
779 1849 929 1888 subiicit
949 1850 1079 1895 eadem
1098 1851 1180 1890 fere
1201 1849 1464 1896 explicationis
1483 1861 1593 1899 ergo;
1618 1862 1643 1888 e

119 1905 273 1956 quibus,
301 1900 526 1939 nominatim
544 1915 589 1938 ex
609 1897 660 1939 ὅτι
678 1917 715 1946 μ.
733 1903 810 1938 αὐτ.
831 1905 866 1946 ἐξ
891 1905 943 1938 ἐπ.
959 1917 1011 1946 μν.
1029 1915 1062 1938 τ.
1082 1906 1138 1944 ἐμ,
1164 1913 1243 1938 non
1265 1899 1382 1938 fuerit
1401 1911 1575 1950 magnum
1587 1911 1645 1936 ar-

118 1965 342 2006 gumentum
361 1963 432 1999 pro
453 1952 552 2000 vulg.
570 1951 656 1995 ›iw-
671 1975 680 1992 ‚
705 1950 751 1985 ad
764 1950 926 1998 Nigrum
943 1950 1062 1998 ipsum
1082 1952 1208 1993 relata,
1234 1949 1333 1998 quast
1345 1947 1643 1987 sententiaistius

119 2016 162 2043 et
181 2001 377 2040 confilium
399 2001 445 2037 de
464 2000 624 2047 imperio
643 1998 887 2047 accipiendo,
919 2011 1003 2037 cum
1024 1998 1203 2038 offeratur
1223 2011 1263 2038 et
1282 2000 1385 2036 velut
1405 1999 1643 2041 obtrudatur,

1678 1956 1691 2004 l

117 2053 266 2104 populo
289 2053 398 2088 Rom.
420 2050 469 2086 ita
489 2051 664 2091 volente,
698 2050 818 2096 palam
839 2061 878 2087 et
897 2049 1046 2086 conscio
1067 2063 1136 2091 eo,
1173 2062 1244 2086 nec
1269 2050 1363 2086 adeo
1394 2061 1458 2096 per
1480 2046 1642 2086 infidias.
1678 2005 1692 2104 ξ

116 2115 191 2142 nec
216 2103 311 2138 clam
330 2113 399 2143 en,
428 2111 498 2135 nec
516 2099 654 2136 artibus
677 2097 802 2141 malis,
829 2099 952 2146 quali,
979 2100 1151 2147 inquam,
1177 2099 1238 2136 hic
1260 2099 1368 2147 Nigri
1386 2098 1532 2135 animus
1553 2098 1642 2134 sen-
1678 2106 1689 2142 ἢ

116 2153 256 2200 susque
276 2151 467 2187 dimanans
491 2149 642 2195 cognita
661 2147 773 2184 faciat
790 2147 971 2187 exercitui
993 2160 1035 2184 ac
1063 2148 1228 2196 reliquae
1255 2147 1486 2186 multitudini
1515 2146 1643 2184 orien-
1677 2145 1690 2190 iv

117 2201 169 2241 tis
193 2213 257 2238 aut
279 2200 361 2240 illa,
390 2211 480 2246 quae
501 2198 617 2234 Roma
635 2197 810 2234 nunciata
831 2198 1018 2247 venerint,
1045 2209 1107 2236 aut
1129 2198 1203 2240 ista,
1229 2210 1324 2247 quae
1336 2195 1452 2246 Niger
1471 2197 1641 2233 adduces
1677 2201 1690 2246 k

115 2263 160 2290 ac
180 2261 347 2287 caeteros
368 2247 468 2284 domi
488 2247 570 2284 suae
589 2247 794 2292 aperuerit3
831 2259 976 2294 praeter
999 2259 1093 2295 quae
1125 2249 1200 2285 duo
1225 2260 1296 2285 nec
1316 2247 1355 2284 in
1381 2249 1451 2283 hac
1478 2245 1641 2284 secunda
1676 2255 1691 2292 μ

118 2298 357 2347 expolitione
377 2297 514 2344 expleri
537 2295 630 2344 quid
649 2295 748 2351 poffe
769 2296 936 2350 videtur,
971 2296 1035 2333 sed
1057 2309 1152 2344 quae
1171 2297 1215 2333 ad
1235 2310 1359 2335 meum
1379 2295 1534 2346 quidem
1555 2294 1640 2332 sen·
1676 2296 1691 2352 {a

116 2350 199 2390 sum
218 2349 324 2385 valde
345 2357 518 2384 contorta
536 2345 608 2387 est.
637 2358 708 2382 nec
731 2356 781 2381 ita
801 2345 942 2386 facilis,
978 2356 1023 2383 ut
1044 2346 1146 2395 prior
1165 2361 1185 2384 e
1203 2349 1283 2395 Stp.
1305 2345 1562 2386 cornilione,
1598 2355 1641 2382 et

118 2401 180 2437 vel
198 2398 290 2435 hinc
311 2395 666 2437 commendabilior;
701 2406 745 2431 ut
764 2395 857 2431 olim
890 2396 988 2432 haud
1009 2395 1123 2433 dubie
1143 2396 1311 2434 editurus
1329 2395 1392 2432 lim
1414 2394 1437 2439 η’
1454 2404 1512 2441 φ.,
1553 2405 1638 2432 non

119 2447 325 2485 admodum
348 2460 368 2483 a
388 2446 523 2483 litteris
544 2443 714 2481 leffionis
731 2445 830 2491 vulg.
852 2444 1075 2487 abhorrens,
1104 2445 1170 2494 qui
1191 2458 1294 2482 nunc
1311 2447 1461 2493 quidem
1474 2456 1553 2482 non
1571 2444 1638 2482 ha·
1660 2477 1666 2482 ,

117 2499 251 2536 bebam
269 2495 426 2534 eandem
444 2494 532 2530 alibi
547 2493 804 2531 confulionem
825 2493 863 2528 in
886 2493 1057 2536 Noratis.
1091 2495 1153 2532 sed
1171 2505 1296 2532 tamen
1319 2496 1357 2532 in
1379 2505 1518 2536 mente,
1545 2505 1637 2530 con-

116 2557 249 2584 tentus
279 2546 350 2582 iam
380 2544 461 2585 his,
495 2555 591 2591 quae
621 2555 688 2591 per
709 2542 829 2580 causas
846 2542 888 2579 in
907 2554 1105 2591 utramque
1124 2556 1266 2592 partem
1285 2557 1322 2582 et
1349 2545 1430 2582 leet.
1448 2540 1636 2591 propofita

114 2596 216 2633 sunt.
267 2595 340 2633 Sed
360 2595 444 2631 Sch.
466 2594 504 2629 in
525 2598 597 2631 ἐκπ.
624 2596 760 2633 »ποιεῖν
778 2606 814 2628 τι
830 2600 891 2629 τινὶ
906 2619 916 2634 ,
945 2595 1084 2630 edocere
1102 2595 1264 2641 aliquem
1285 2593 1439 2641 aliquid,
1466 2592 1578 2640 (reste
1589 2591 1636 2628 ad

111 2644 259 2685 sensum
279 2644 414 2682 eodem
434 2645 532 2684 Lat„
560 2654 638 2690 quo
658 2654 745 2678 ante
771 2641 816 2676 ad
841 2652 920 2687 φαν.
938 2644 991 2690 π.)
1012 2658 1065 2687 tyr.
1087 2660 1123 2681 π.
1140 2655 1228 2680 nota
1248 2646 1418 2686 reddere,
1449 2658 1488 2680 a·-
1507 2657 1560 2687 γν.
1580 2641 1635 2678 fa-

109 2705 215 2733 ceret
239 2701 354 2730 nota“
380 2691 426 2730 fic
449 2703 603 2741 quoque
633 2690 837 2727 monstrans
867 2690 946 2737 syn.
961 2716 972 2732 ‚
1015 2692 1129 2729 dusto
1162 2693 1271 2741 postr.
1294 2706 1313 2729 e
1329 2695 1391 2730 Sb.
1417 2694 1494 2730 lud.
1515 2703 1547 2728 ν.
1566 2705 1634 2736 για..

64 2761 69 2765 «
106 2754 176 2792 pro
197 2742 336 2793 quibus
355 2743 416 2793 Bg.
439 2751 560 2780 mutat
579 2739 782 2778 formulam
802 2739 964 2779 duorum
978 2741 1051 2779 adi.
1068 2752 1155 2780 cum
1177 2743 1292 2782 verbo
1315 2754 1395 2780 uno
1414 2739 1456 2780 in
1467 2741 1544 2780 duo
1554 2753 1634 2778 ver·
