1722 3086
157 151 182 184 2
197 150 216 195 5
232 141 258 186 8
296 137 466 182 LIBER
488 136 543 182 II.
580 135 840 184 CARVIII.
875 139 929 183 A.
949 139 1007 185 V.
1028 139 1080 185 C.
1106 139 1226 195 946.
1262 143 1403 189 CHR.
1418 144 1482 189 N.
1512 156 1634 200 193.

158 255 200 309 ἐς
223 247 274 299 τὸ
288 244 614 319 dssgocllamvm
641 250 854 315 ἀνειμένος
866 258 896 311 ¹¹,
935 267 1070 305 catam
1123 261 1255 308 vitam
1318 261 1499 318 solutior
1567 279 1672 312 cum

157 333 252 379 τοῖς
262 327 529 387 Ἀντιοχεῦσι
544 329 894 395 συνευφραίνετο,
930 334 1314 383 Antiochienlibus
1358 337 1673 398 deleflabatur,

159 404 332 472 ἑοςταϊς
358 407 376 427 ⁰
408 402 488 451 καὶ
516 401 650 460 θέαις
668 399 892 460 ἐπιὲιὸοὐς
928 411 1258 458 solennitatibus
1322 423 1366 459 et
1415 413 1670 479 spestaculis

160 475 317 530 ἑαυτόν
336 491 371 527 Ρ.
449 480 527 534 τῆς
551 483 708 534 τεθεὶς
722 476 898 537 τῆνῬῶ-
943 501 960 532 1
977 502 1022 544 7.
1047 487 1210 535 dedens
1225 487 1433 554 seipsum.
1481 494 1668 540 Romam

247 613 294 649 m)
320 611 382 643 Ms.
401 609 457 641 Ba.
477 611 548 652 dap.
570 618 630 651 pes
647 611 780 649 lenem,
805 620 881 643 cum
898 612 933 643 B.
950 622 978 645 ι.
997 607 1062 644 Ox.
1081 621 1118 645 et
1135 612 1227 651 Pan,
1249 613 1289 644 cf.
1312 621 1345 651 23
1363 622 1397 654 7,
1419 621 1448 648 π.
1468 624 1500 646 e.
1571 615 1610 659 n)
1633 618 1672 650 ln

157 656 224 689 Ms.
246 657 302 689 Ba.
324 658 499 694 ἀνειμένως,
521 654 576 687 sed
597 655 702 697 prima
721 666 836 688 manus
855 658 956 689 ctiam
974 671 987 690 ο
1007 658 1104 699 super
1121 671 1141 690 ω
1160 656 1296 700 scripfit.
1309 660 1416 691 Mart.
1439 669 1458 690 e
1474 659 1674 693 confusione

157 702 293 734 illarum
308 700 478 732 vocalium
498 699 643 733 solenni.
710 705 744 738 ο)
770 706 833 734 Ms-
855 703 908 734 Ba.
927 713 962 734 et
983 703 1036 735 Vi.
1055 706 1171 746 ἑορταῖς
1188 717 1220 735 τε
1238 709 1288 735 κα)
1307 708 1338 736 Β.
1363 714 1397 737 ν.
1415 705 1465 738 N.
1536 707 1569 749 p)
1594 706 1673 738 Hoc
1714 731 1722 746 ,¹

158 748 320 790 punctum
337 747 371 777 in
391 748 435 778 A.
453 745 518 784 al.,
551 756 613 788 pro
629 745 707 778 colo
727 747 801 789 Stp.
825 747 888 779 rel.
959 752 993 791 q)
1017 749 1048 780 δὲ
1067 749 1101 780 Β.
1120 758 1173 788 1.,
1199 759 1232 783 v.
1250 747 1297 781 N.
1720 753 1722 784 l

157 847 211 887 ἐν.
234 859 318 884 cum
336 844 464 884 eadem
483 859 627 895 praep..
653 856 724 885 nec
735 849 810 885 Lat.
832 849 891 897 eg.
912 847 994 898 (qui
1014 850 1167 899 gradum
1188 848 1323 887 iterum
1342 846 1673 888 altioremadscen-

158 897 248 942 din>
272 909 329 944 ap.
351 897 398 933 G.
420 898 494 933 Th.
517 909 602 933 cum
623 910 746 946 praep.
769 899 896 935 eadem
911 899 987 936 fine
1007 900 1164 948 explic..
1191 912 1270 937 non
1288 912 1376 937 vero
1397 899 1438 937 in
1449 899 1533 935 Sch.
1549 894 1674 948 renuy‘·

151 945 236 997 sus,
263 958 346 983 cum
364 947 432 983 Gr.
453 956 577 983 tamen
600 947 748 988 nostru,
783 947 846 984 ubi
865 958 904 984 et
923 949 963 984 L.
982 949 1115 986 Schell.
1141 950 1256 986 habet
1280 961 1403 997 praep.
1426 952 1488 998 Bg.
1509 962 1543 997 p.
1567 953 1674 995 5635.

157 997 227 1034 Nr.
245 1009 279 1042 4.
305 992 567 1043 „remififfimus
591 996 634 1032 ad
663 997 771 1033 otiam
788 999 920 1034 Suet.“
948 1011 1008 1035 me
1036 999 1189 1046 quidem
1217 999 1278 1034 hic
1311 999 1392 1046 pass‘.
1414 998 1584 1036 sumente
1604 1011 1674 1046 pro

157 1046 283 1088 med.‚
310 1044 382 1094 sese
401 1044 661 1089 committens,
690 1049 928 1095 permittens,
957 1057 1144 1096 tropoque
1164 1059 1326 1090 remoto,
1351 1047 1512 1088 deditus,
1537 1058 1675 1090 amans.>

158 1105 203 1133 ut
223 1094 266 1131 fit
286 1094 356 1143 i.q.
377 1094 428 1141 sq.
448 1097 532 1133 ἐπιδ.
554 1094 604 1137 εἴ,
639 1108 715 1144 quo
738 1097 837 1133 redit
863 1097 954 1134 illud
977 1098 1014 1134 in
1034 1098 1158 1134 Thuc.
1181 1098 1260 1135 ind.
1281 1111 1325 1134 ex
1342 1097 1476 1134 Herdt.
1507 1097 1616 1140 »τούς
1639 1101 1674 1138 ἐς

159 1143 220 1184 τᾶν
237 1142 382 1189 πόλεμον
402 1143 478 1186 dm,
503 1145 569 1193 qui
584 1152 747 1181 vacant“
774 1146 876 1182 unde
892 1146 1002 1182 facile
1021 1146 1242 1183 derivandae
1262 1148 1442 1184 notiones
1463 1145 1569 1188 aliae,
1595 1159 1631 1182 v.
1640 1158 1675 1182 c.

159 1206 231 1244 pro
252 1194 434 1232 sacratus,
466 1192 508 1230 it.
531 1193 756 1236 destinatus,
791 1195 836 1231 cf.
858 1195 970 1238 Hes.,
1002 1209 1080 1232 non
1106 1197 1190 1234 coll.
1212 1197 1337 1237 Sum,
1371 1208 1428 1244 ap.
1448 1205 1560 1244 quem
1581 1207 1620 1232 ct
1643 1209 1676 1238 ι,

158 1256 244 1291 209.
259 1257 307 1281 tn.
327 1242 474 1285 α’νίει,-
492 1247 657 1285 ἐνεδίδου,
679 1243 819 1280 Thom.
839 1245 893 1280 M.
913 1258 948 1293 p.
968 1249 1027 1285 68.
1056 1247 1171 1293 Intrp.
1195 1249 1237 1282 ad
1251 1246 1342 1282 Call.
1356 1248 1437 1282 Cer.
1457 1259 1490 1281 v.
1504 1257 1563 1289 47.
1586 1245 1672 1281 Gat.

159 1293 206 1330 ad
226 1294 317 1330 Ant.
339 1306 373 1340 p.
392 1303 470 1339 ¹¹3·
489 1294 527 1328 F.
539 1305 587 1328 m.
614 1292 692 1329 lnd.
714 1293 802 1329 voss.
818 1294 909 1332 Call.
929 1295 1048 1342 Orph.
1067 1297 1184 1341 Soph.
1204 1294 1261 1331 Ai.
1285 1295 1370 1331 Eur.
1388 1295 1531 1330 Phoen.
1544 1293 1675 1333 Valck.

157 1343 292 1379 Herdt.
313 1342 416 1378 Polb.
435 1341 522 1379 Rsk.
538 1343 612 1378 An.
630 1343 675 1379 ad
689 1343 751 1378 Gr.
772 1355 802 1379 a.
820 1345 866 1379 V.
885 1356 911 1378 ι.
929 1345 1023 1380 Xen.
1038 1346 1093 1381 M.
1109 1346 1146 1382 S.
1167 1343 1282 1381 Dion.
1296 1345 1387 1379 H.S.
1403 1344 1449 1381 T.
1462 1354 1531 1380 utr.
1559 1343 1675 1380 Diod.
1698 1352 1702 1355 “

159 1394 196 1430 S.
224 1393 316 1429 Luc.
335 1402 374 1428 et
394 1391 535 1438 Epist„
567 1390 632 1428 ubi
652 1404 690 1428 et
710 1392 789 1429 adv.
804 1417 814 1434 ,
848 1392 897 1429 cf.
916 1394 1007 1429 Xen.
1033 1396 1118 1441 Cyr.
1142 1404 1181 1430 et
1198 1394 1299 1430 Suid.
1321 1405 1354 1428 v.
1374 1393 1480 1439 οἷνειμ.

208 1441 383 1487 συνευφς.)
410 1444 667 1490 Augmentum
687 1440 725 1477 in
748 1456 782 1477 v.
802 1455 859 1489 ap.
881 1442 971 1480 Bud.
991 1443 1030 1478 in
1052 1444 1102 1479 N.
1126 1456 1179 1491 pr.
1198 1444 1248 1479 est
1273 1455 1292 1478 e
1312 1443 1493 1479 memoria
1520 1452 1560 1479 et
1585 1454 1678 1480 con·

157 1503 214 1529 tra
232 1491 370 1533 libros,
400 1490 574 1537 resteque
595 1502 660 1537 per
679 1491 776 1541 vulg.
795 1491 994 1530 lestionem
1013 1492 1086 1527 hoc
1103 1493 1190 1528 loco
1219 1491 1339 1528 utitur
1361 1493 1426 1529 ΚΖ.
1447 1490 1522 1527 fine
1542 1493 1606 1528 Vs.
1626 1491 1674 1530 ad

156 1542 250 1580 Luc.
271 1552 306 1581 2,
326 1543 410 1586 486.
434 1541 484 1577 N.
499 1550 555 1587 37.
580 1553 610 1576 e.
625 1565 635 1581 ‚
667 1540 728 1577 sed
754 1553 792 1578 et
806 1543 925 1579 altero
947 1541 1050 1578 simul
1068 1554 1152 1578 cum
1172 1549 1375 1589 augmento
1392 1541 1423 1588 §.
1446 1552 1524 1582 11.,
1562 1541 1677 1587 unde,

157 1604 244 1628 cum
264 1589 350 1626 libri
369 1602 450 1625 non
471 1589 635 1630 varient,
664 1589 838 1639 colligas,
873 1602 1077 1638 utrumque
1103 1604 1220 1640 genus
1249 1591 1288 1626 in
1314 1590 1379 1627 usu
1395 1589 1525 1638 fuiss‘es
1562 1601 1604 1626 ut
1629 1588 1675 1628 in

157 1639 239 1677 aliis
261 1652 315 1679 v.;
347 1651 415 1686 pro
441 1638 567 1675 liberis
588 1640 625 1675 P.
644 1637 824 1676 severiora
843 1640 954 1677 dante
978 1643 1038 1689 Bg.
1053 1664 1064 1682 ,
1100 1653 1164 1687 per
1186 1652 1331 1687 praep.‚
1366 1639 1567 1688 separatam
1587 1651 1606 1674 a
1625 1651 1676 1681 ν..

156 1688 263 1739 quod
289 1701 348 1735 ap.
367 1689 447 1736 Stp.
467 1689 543 1725 Th.
569 1687 642 1724 fine
662 1689 810 1725 austore
836 1689 909 1730 est,
941 1689 1002 1725 sed
1035 1689 1072 1725 in
1098 1691 1138 1725 L.
1159 1691 1245 1726 Ern.
1273 1690 1404 1737 „simul
1427 1701 1487 1724 me
1514 1688 1676 1724 oblello“

156 1752 242 1776 cum
264 1739 303 1774 P.
321 1736 384 1773 hic
404 1736 587 1784 explicato
611 1738 692 1784 pass.
713 1751 779 1786 per
800 1738 917 1780 med...
942 1738 990 1774 cf.
1009 1737 1085 1775 fine
1105 1739 1186 1776 lud.
1201 1740 1310 1775 Dem.
1324 1749 1408 1786 300,
1419 1751 1476 1785 24.
1498 1733 1676 1781 ἧπόλις-

154 1792 412 1834 συνευφραίνετο
429 1790 501 1828 τοῖς
523 1790 675 1828 πολλοῖς.
1661 1816 1665 1820 .

207 1838 319 1884 ἑοςτ.)
346 1835 529 1873 Insertum
547 1849 566 1871 a
585 1837 676 1872 Mss.
697 1842 737 1875 τὲ
756 1846 844 1874 ante
862 1836 1028 1874 vicinum
1044 1837 1121 1881 καῖι,
1149 1835 1290 1873 utalibi
1303 1860 1314 1879 ,
1339 1835 1499 1884 reperias
1511 1834 1676 1884 hicquo·

158 1899 235 1937 que
257 1899 316 1932 ap.
336 1886 398 1929 Ρ.,
430 1885 492 1921 sed
515 1887 629 1934 magis
648 1899 713 1934 per
733 1888 966 1929 libertatem,
991 1899 1076 1923 cum
1089 1899 1128 1924 et
1149 1885 1188 1922 in
1206 1900 1260 1934 pr.
1280 1885 1465 1923 addiderit
1479 1887 1672 1932 copulam:
1692 1920 1693 1923 ,

157 1936 384 1985 respiciente
397 1959 408 1975 ‚
435 1935 558 1982 quoad
574 1949 673 1978 rem,
702 1936 837 1974 Nostro
849 1937 893 1972 ad
907 1950 940 1978 2,
958 1949 993 1983 7,
1016 1948 1070 1981 15.
1087 1936 1159 1984 sq..
1186 1948 1228 1972 ut
1245 1938 1306 1984 Eg.
1321 1937 1401 1972 Lat.
1420 1935 1462 1971 in
1481 1934 1674 1983 subst.pri-

158 2000 222 2025 mo
242 1997 299 2032 ap.
321 1985 367 2021 G.
386 1985 460 2020 Th.
479 1997 561 2020 cum
582 1986 649 2022 Gr.
669 1998 706 2024 n.
720 2011 731 2027 ,
758 1998 834 2022 non
856 1985 947 2022 item
969 1999 1025 2033 ap.
1046 1988 1125 2033 Stp.
1145 1986 1219 2022 Th.
1233 2010 1244 2026 ,
1278 1998 1298 2021 e
1314 1996 1391 2030 quo
1412 1984 1458 2021 ad
1480 1997 1513 2027 1,
1532 1995 1567 2028 9,
1585 1993 1619 2026 8.
1638 1996 1674 2029 e,

158 2035 331 2073 dedimus
353 2036 414 2070 Vs.
435 2046 474 2070 et
495 2034 576 2073 lest.
597 2033 704 2071 aliam
724 2035 763 2071 in
784 2048 818 2071 v.
834 2039 918 2073 ἐπιδ.
933 2060 944 2077 ‚
971 2047 1048 2083 quo
1067 2033 1224 2071 variatur
1242 2047 1327 2070 cum
1348 2047 1382 2070 v.
1399 2045 1500 2079 0·on-
1519 2032 1569 2070 ib.
1650 2039 1653 2042 ⁴

204 2094 264 2127 τῆς
281 2085 335 2129 τε)
361 2085 425 2132 Bg.
444 2090 484 2120 τέ
509 2096 574 2131 per
593 2088 628 2122 δὲ
645 2097 729 2121 cum
747 2086 787 2121 P.
808 2086 957 2125 iterum,
986 2085 1089 2132 quod
1107 2096 1184 2120 non
1206 2083 1374 2131 displicet
1386 2083 1670 2131 quidemecon·

160 2145 289 2175 textu,
315 2145 357 2170 ut
376 2133 604 2169 contrarium
625 2134 716 2182 quid
739 2133 924 2180 prioribus
945 2134 1110 2176 dicatur,
1143 2134 1306 2169 confufis
1334 2132 1492 2169 maxime
1515 2143 1556 2169 et
1581 2128 1673 2170 aiibi

159 2185 234 2222 istis
252 2183 418 2224 voculis;
455 2194 498 2218 ut
520 2193 644 2219 tamen
663 2184 710 2220 de
728 2183 868 2219 vetusta
885 2183 1030 2220 ratione
1049 2189 1090 2221 τὲ
1115 2194 1232 2230 aeque
1252 2183 1406 2230 copulet
1433 2181 1673 2219 enunciatio-
1714 2194 1716 2219 :

158 2247 252 2275 nes,
283 2232 346 2268 ubi
375 2231 467 2267 aliae
499 2231 647 2280 linguae
674 2231 937 2268 adversativam
963 2233 1155 2269 adhibent.
1212 2234 1251 2268 ln
1283 2234 1394 2268 altera
1415 2244 1504 2268 vero
1526 2232 1596 2268 Ms.
1617 2243 1675 2274 re,

159 2282 231 2322 nifi
251 2281 372 2329 lapsus
393 2280 431 2316 in
450 2281 606 2324 litteris,
635 2293 757 2318 tamen
778 2281 893 2318 fuerit
913 2282 1105 2331 ingenium
1126 2281 1287 2323 librarii,
1308 2279 1558 2318 substituentis
1569 2278 1676 2325 aliud
1711 2297 1713 2317 1

159 2335 239 2383 syn.
257 2345 278 2368 e
297 2330 404 2379 gloffa
419 2355 429 2371 ,
461 2330 511 2367 cf.
532 2331 616 2367 Hes.
639 2344 670 2372 r,
693 2341 796 2377 1553.
816 2343 864 2367 m.
892 2336 946 2373 ἐφ.
960 2353 971 2369 ,
985 2351 1021 2358 -
1040 2327 1175 2377 ἄφιξις,
1202 2334 1294 2379 (quo
1315 2330 1380 2365 Gr.
1394 2330 1506 2366 etiam
1516 2326 1682 2373 Sb.1nd.'
1709 2359 1712 2366 .

159 2380 323 2430 explicat
339 2380 504 2416 nostrum
523 2380 584 2426 ἀφ.
604 2394 649 2417 cx
671 2391 704 2427 3,
717 2392 752 2424 9,
770 2382 839 2424 ις.)
860 2382 917 2416 vel
937 2380 1140 2429 cogitantis
1154 2380 1199 2417 de
1211 2379 1329 2417 hostili
1344 2381 1504 2427 quodam
1517 2378 1679 2422 accessu,⁴
1708 2389 1712 2414 t

160 2434 208 2471 de
233 2431 374 2479 vulgari
393 2429 577 2470 notione,
603 2429 690 2478 qui,
714 2442 925 2477 quanquam
945 2431 1088 2467 alienus
1110 2443 1128 2464 a
1152 2429 1260 2478 Nigri
1280 2429 1406 2464 animo
1420 2439 1460 2465 et
1480 2427 1673 2475 profeffiq-
1708 2429 1711 2463 i

159 2495 229 2524 ne,
254 2479 394 2526 §.15.‚
424 2479 584 2528 intelh'gi
606 2492 730 2516 tamen
752 2491 816 2525 per
834 2479 870 2514 se
890 2480 1008 2526 potest
1027 2481 1131 2521 sane,
1166 2478 1190 2514 fi
1211 2491 1295 2515 cum
1325 2478 1494 2514 exercitu
1515 2478 1672 2515 Romam
1707 2494 1709 2513 ἢ

156 2531 269 2569 fiebat
288 2527 492 2576 pruscam,
534 2532 689 2564 vivente
707 2528 827 2564 adhuc
846 2529 1013 2572 luliarm,
1046 2541 1117 2564 nec
1139 2530 1225 2565 dum
1245 2542 1266 2564 e
1285 2527 1410 2563 medio
1429 2526 1594 2568 sublat0;
1626 2531 1672 2573 ut

157 2592 285 2620 tamen
304 2590 388 2614 cum
412 2579 475 2613 rel.
492 2579 586 2616 Mss.
605 2576 775 2614 videatur
792 2576 914 2613 facere
935 2591 1085 2625 quoque
1101 2580 1139 2614 P.
1153 2604 1164 2620 ,
1199 2591 1218 2613 e
1240 2590 1315 2624 quo
1337 2578 1399 2624 ug.
1421 2588 1541 2613 mutat
1560 2574 1671 2613 subst.
1705 2575 1707 2605 Ᾰ

159 2633 200 2670 in
218 2627 290 2666 inf.
311 2639 462 2674 propter
475 2635 599 2674 praep.
617 2632 664 2669 εἰς
678 2653 689 2669 ,
714 2624 843 2662 inLat.
862 2640 941 2662 non
964 2627 1172 2668 solennem,
1197 2628 1255 2663 cui
1272 2625 1324 2663 rei
1345 2625 1534 2662 subveniri
1549 2623 1675 2672 potest.
1703 2644 1707 2666 ,

157 2680 227 2720 fic,
249 2689 313 2717 ut,
344 2677 429 2712 loco
448 2675 615 2712 nominis
635 2674 799 2723 proprii,
831 2689 989 2722 ponatur
1005 2677 1085 2725 syn.
1107 2678 1146 2712 in
1169 2679 1306 2717 urbem,
1334 2676 1395 2711 vel
1413 2674 1570 2711 formula
1587 2673 1675 2721 syn..>
1703 2672 1708 2718 l

155 2733 195 2769 in
212 2728 340 2764 urbem
360 2726 523 2767 Romam,
548 2725 590 2761 it.
612 2727 650 2760 in
670 2726 801 2761 urbem
820 2727 1035 2767 Rvmunanu
1062 2737 1105 2762 ut
1125 2737 1247 2762 tamen
1260 2726 1343 2761 Sch.
1365 2723 1595 2761 severitatem
1614 2735 1672 2766 tes.
1703 2723 1709 2761 '0

152 2777 280 2818 nuerit
301 2776 341 2812 in
375 2772 469 2822 »α’φ.
488 2774 733 2824 Ρτοὶεᾶῐοηίε
751 2776 925 2812 Romnum
954 2775 1090 2823 partim
1113 2788 1134 2812 ο
1150 2776 1212 2815 Sb.
1233 2774 1335 2818 lud„
1370 2773 1567 2822 quedl-at.
1588 2775 1673 2812 nod
1701 2779 1709 2811 l
