1727 3157
97 145 125 190 4
240 133 481 181 LIBERII.
519 134 693 181 CARI.
729 137 784 182 A.
808 135 865 182 V.
891 136 943 183 C.
961 134 1085 193 946.
1128 136 1269 183 CHR.
1284 137 1349 184 N.
1374 147 1493 194 193.

90 250 300 319 πεςιττῶν
326 249 363 298 k.
449 250 485 298 οἱ
519 244 570 299 δὲ
602 246 837 318 φέξονίτςι
880 269 924 311 3.
954 252 1100 303 lestile
1119 257 1504 321 supervacaneum.
1557 252 1628 303 Illi

89 321 170 377 διαὶ
191 325 335 392 μέσων
366 324 604 394 ἐκφέςουσι
635 328 718 375 τῶν
753 332 838 390 <pv-
875 344 1023 380 autem
1056 344 1310 399 portantes,
1349 351 1431 398 per
1454 334 1626 380 medios

89 400 242 453 λάκων
267 413 325 436 ¹¹³·
401 398 453 451 ὧν
486 404 521 450 οἱ
546 402 622 467 μὲν
647 398 743 452 ἀπὸ
766 400 841 469 μέ·
875 409 919 456 id
942 407 1136 456 efferunt
1158 409 1379 457 custodes:
1430 426 1626 474 quorum

91 479 180 536 &nc
214 476 522 548 ἒκξαιποὶλων,
574 479 610 526 οἱ
639 471 688 528 δὲ
718 481 840 547 ἐγξη-
877 486 947 532 alii
967 503 1017 532 ex
1040 478 1249 534 ebrietate
1271 486 1448 551 crapula
1471 478 1626 547 grava-

93 554 274 626 γοξὸτες
312 555 498 623 κᾴκεῖνοι
536 559 555 579 ‘¹
607 558 666 609 εἷς
712 554 842 604 ὕπνον
878 561 1064 620 bantur,
1113 566 1190 628 qui
1211 576 1358 611 autem
1380 563 1627 624 vigilarent,

182 696 219 735 k)
247 695 311 727 Ms.
333 695 387 728 Ba.
403 698 555 738 πιριττὸν.
577 704 611 727 v-
621 696 671 730 N.
745 697 770 737 l)
796 698 939 730 Comma
958 699 1012 731 hic
1029 710 1106 731 cum
1126 701 1180 740 Bg.
1201 701 1303 731 etiam
1323 699 1356 731 in
1381 700 1420 732 A.
1442 709 1476 731 et
1496 699 1563 737 aL,
1589 707 1626 731 et

94 751 269 784 praeterea
289 751 419 773 comma
444 740 517 782 post
536 743 566 772 δὲ
588 741 621 772 in
638 741 697 775 Sb.
768 744 828 788 m)
857 745 1074 776 Variantibus
1093 745 1159 777 rel.
1181 745 1214 776 in
1235 755 1404 777 commate
1424 745 1626 787 aut-punCto

95 788 171 825 hic,
208 786 407 866 raciliquimus
430 787 505 830 δερ.
534 796 571 819 et
591 786 636 820 al.
666 787 794 826 colon,
836 800 905 831 quo
934 799 969 822 et
995 789 1055 830 Bg.
1083 789 1232 832 respicit.
1314 795 1359 829 n)
1381 794 1450 826 κάκ,
1467 789 1534 823 fine
1554 791 1627 822 lota

94 833 129 866 in
149 835 195 866 A.
233 855 257 869 ..

93 945 210 983 Diod.
233 946 305 983 An.
327 946 373 982 V.
390 958 420 983 r.
443 958 478 994 p.
493 959 611 993 92.m.
630 946 675 984 ad
699 960 734 996 p.
755 951 839 984 601.
867 948 921 985 Fi.
942 947 988 983 ad
1008 947 1126 983 Well.
1146 960 1183 995 p.
1200 949 1282 993 356.
1303 959 1337 983 e.
1366 947 1407 984 L.
1424 946 1512 983 Ern.
1531 959 1564 986 v.
1588 951 1626 993 {e

94 996 163 1031 Nr.
182 1008 236 1031 12.
255 1007 295 1032 et
305 996 352 1032 N.
368 998 413 1033 T.
427 998 514 1034 Krb.
536 1010 570 1044 p.
584 1009 662 1034 202.
683 1010 715 1034 e.
730 1021 741 1038 ,
770 999 831 1034 ubi
845 999 943 1034 rene
956 1008 1146 1038 monetur,
1171 998 1241 1034 effe
1252 997 1290 1033 in
1304 998 1376 1034 hoc
1393 995 1625 1044 periphrasin

94 1044 263 1082 adieffivi
276 1072 286 1087 ,
314 1045 418 1093 quod
438 1057 564 1083 tamen
586 1046 646 1083 hic
660 1047 700 1083 in
713 1049 776 1083 Gr.
797 1049 833 1086 ,9.
849 1047 954 1084 subst.
968 1045 1059 1083 defit
1077 1059 1132 1092 ap.
1147 1047 1225 1082 Lar.
1241 1071 1252 1087 ,
1277 1058 1315 1082 et
1334 1049 1450 1083 modo
1464 1059 1531 1093 pe:
1542 1049 1625 1084 Lat.

94 1095 332 1132 cubicularius
353 1095 374 1132 s.
396 1097 611 1133 cubicularis
631 1096 790 1138 efficias,
826 1109 944 1144 urque
964 1096 1114 1143 proprie
1136 1095 1199 1131 hic
1216 1107 1369 1143 quoque
1390 1095 1534 1142 ellipsin
1562 1097 1625 1133 su-

94 1156 172 1180 mas
191 1144 364 1192 particip.
387 1141 488 1183 ὄντων
509 1146 554 1182 ad
572 1156 638 1185 τῶν
657 1157 748 1189 art.,
785 1148 885 1183 unde
909 1147 1048 1183 deinde
1069 1144 1308 1193 consequaris
1336 1158 1366 1180 v.
1399 1145 1502 1182 subst.
1535 1158 1623 1182 cum

94 1207 148 1242 pr.
166 1199 224 1235 ἐκ,
250 1206 343 1242 quae
368 1194 687 1242 formula‘deinde
708 1195 807 1232 redit
824 1196 867 1233 ad
890 1197 989 1232 illam
1009 1194 1177 1232 adieffivi
1195 1220 1204 1235 ,
1233 1206 1274 1230 ut
1295 1206 1373 1232 vnc.
1391 1209 1409 1231 e
1430 1209 1467 1232 re
1486 1194 1548 1244 effe
1566 1208 1624 1232 re-

91 1241 210 1280 solvas
233 1243 272 1279 in
292 1245 379 1281 utile
390 1243 463 1294 ff.
517 1247 716 1282 Caeterum
731 1245 876 1284 Phihin
889 1246 941 1282 Fl.
961 1256 1092 1294 p.749.
1106 1246 1208 1281 C.m.
1229 1249 1271 1286 ὡς
1291 1244 1452 1291 mear-th
1463 1241 1622 1291 ἅχθσςλ.

91 1304 265 1342 tanquam
285 1306 382 1331 onus
395 1295 708 1343 supervacaneum.
1069 1322 1072 1323 ν

142 1349 172 1380 οἱ
195 1346 229 1381 δὲ
246 1345 338 1390 φερ.)
366 1344 447 1380 Sch.
479 1344 594 1381 modo
623 1345 661 1381 in
687 1350 762 1392 ἐκφ.
785 1343 974 1395 „effer-tint
1002 1355 1133 1391 corpus
1158 1353 1223 1392 per
1241 1342 1422 1393 custodes«
1455 1343 1495 1380 in
1513 1343 1620 1381 subst-

94 1392 225 1430 addito
247 1392 450 1439 respiciens
472 1406 492 1430 e
512 1407 565 1441 pr.
589 1409 672 1439 σωμ.
695 1389 949 1445 rppete'ndurn'
967 1407 1075 1442 pron.
1097 1395 1205 1433 αὐτό.
1233 1395 1335 1440 quod
1359 1393 1476 1430 statim
1499 1394 1622 1442 expri-

94 1442 165 1478 mit
181 1441 287 1478 fimul
309 1445 394 1490 Bg..
436 1443 627 1492 accipiens
649 1443 730 1483 fere
753 1457 774 1481 e
797 1446 833 1481 P.
857 1444 1027 1491 particip.
1051 1454 1088 1489 φ.
1107 1442 1251 1491 physica
1285 1443 1466 1485 notione,
1500 1455 1545 1481 ut
1572 1442 1621 1480 fic

95 1492 164 1528 liet
181 1503 267 1528 cum
293 1491 393 1529 affini
412 1505 446 1528 ν.
463 1497 560 1539 butt»,
598 1504 675 1541 quo
698 1493 745 1530 de
765 1506 800 1530 v.
823 1494 869 1530 ad
897 1507 925 1536 ι,
950 1505 1005 1541 13,
1023 1507 1057 1535 4.
1078 1493 1101 1529 i.
1117 1518 1129 1534 ‚
1167 1504 1205 1529 et
1226 1492 1339 1529 limile
1358 1493 1449 1530 Luc.
1479 1505 1510 1536 ι,
1538 1506 1619 1537 ¹72·

92 1541 117 1578 l.
136 1553 190 1587 14.
208 1545 368 1588 ἀράμενοί
385 1558 469 1584 τινες
493 1549 687 1589 ἐκφέρουσιν
707 1542 812 1581 αὖτδν
833 1547 869 1582 ἐκ
889 1545 950 1580 τοῦ
978 1549 1168 1589 συμποσίου
1188 1555 1205 1577 e
1224 1542 1389 1579 triclinio
1409 1557 1431 1578 a
1452 1543 1620 1580 nonnul·

93 1591 140 1628 lis
158 1590 340 1676 effgi'erulrr,
374 1603 588 1641 quanquam
610 1604 649 1630 et
676 1592 822 1639 ceperis
844 1593 1009 1641 tropica,
1044 1604 1114 1641 pro
1141 1592 1223 1629 adv.
1246 1591 1487 1635 festinanter,
1524 1591 1618 1637 cito,

122 1652 166 1676 ua
213 1652 233 1676 e
253 1653 270 1676 a
289 1639 353 1678 ibi.

92 1653 116 1689 q
137 1685 179 1727 ὗν
197 1695 226 1726 οἱ
242 1705 276 1734 μ.
294 1695 326 1729 ἆ.
353 1706 391 1735 μ.
406 1693 489 1738 ἓκρ.)
517 1704 676 1740 quorum
698 1690 761 1729 alii
783 1691 967 1739 crapulam
989 1690 1263 1728 edormiebant.
1315 1689 1377 1727 Sic
1398 1694 1518 1735 μέθαις
1529 1703 1617 1729 cum

91 1744 292 1785 κραιπάλαις
319 1741 370 1776 est
396 1740 501 1787 supra
528 1755 560 1783 ι,
584 1752 617 1787 3,
640 1752 671 1788 3.
702 1755 741 1779 et
767 1742 806 1778 in
832 1742 905 1777 hoc
931 1742 1029 1778 libro
1052 1745 1106 1788 (ε,
1126 1744 1161 1782 6,
1184 1752 1217 1785 9.
1232 1741 1282 1788 e.)
1312 1746 1408 1788 orae&
1431 1744 1538 1785 μέθην
1562 1740 1616 1786 καὶ

89 1793 288 1834 κραιπάλην.
349 1790 422 1827 Sed
443 1790 505 1826 hic
526 1802 674 1839 poterat
695 1792 779 1828 satis
800 1791 870 1828 effe
888 1797 959 1838 ἐκρ.
986 1791 1103 1840 Steph.

188 1838 329 1874 Putans
349 1840 465 1881 adeo,
506 1840 716 1877 redundare
735 1846 769 1879 ἂ.
790 1857 850 1886 μ.,
890 1852 934 1877 ut
957 1840 1083 1878 Leisn.
1119 1840 1157 1876 in
1186 1851 1298 1889 marg.
1332 1842 1406 1878 Ox.
1443 1840 1615 1889 „pleon.,

90 1899 126 1925 v.
143 1899 176 1922 c.
199 1895 265 1934 3.“
294 1888 354 1925 sed
374 1889 457 1924 Sch.
474 1889 515 1926 in
539 1903 570 1925 v.
595 1895 622 1928 ἐ.
659 1895 722 1930 υἷι.
742 1908 779 1935 μ.
802 1891 1202 1941 crapulamsentiebant
1225 1902 1269 1925 ex
1292 1891 1487 1931 ebrietate,
1519 1889 1616 1927 ebrii

87 1947 220 1979 erant,
264 1936 355 1982 (hoc
374 1937 486 1985 postr.
511 1941 588 1976 fere
609 1953 631 1976 e
652 1940 707 1986 P.)
735 1945 770 1977 ἂ.
792 1956 827 1985 μ.
848 1945 875 1978 ἐ.
900 1944 945 1977 ab
972 1941 1155 1977 ebrietate
1176 1940 1362 1976 temulenti
1387 1947 1524 1976 e=·ant“
1563 1938 1615 1977 cf.

87 1985 175 2032 Exc.
197 1985 240 2022 ad
265 1999 297 2028 ι,
318 1997 351 2033 3,
375 1998 406 2033 3.
424 2000 482 2029 e.‚
519 1989 645 2038 severe
662 2000 797 2038 agente
819 1992 907 2039 ssg.,
947 2001 985 2027 et
1012 1990 1128 2026 modo
1147 2002 1182 2027 v.
1200 1994 1268 2036 ἐκς.
1294 1990 1334 2025 in
1361 1987 1505 2037 phrasin
1531 2002 1613 2027 mu-

85 2045 213 2076 tante,
251 2035 415 2084 ignotam
437 2038 486 2073 G.
506 2039 581 2074 Th.

185 2090 217 2120 οἱ
238 2088 272 2122 δὲ
292 2089 382 2132 374⁹.)
413 2087 521 2124 Forte
539 2093 569 2125 ol
585 2087 615 2125 δ’
633 2084 689 2125 ἔτι
711 2086 936 2134 ἐγρηγορὸτες
952 2087 1012 2125 ἶσα
1032 2089 1196 2137 κᾷκείνοις
1215 2100 1249 2126 Λ.
1271 2087 1374 2124 iuxta
1393 2085 1490 2130 illis,
1516 2088 1612 2136 pari·

87 2143 144 2169 ter
161 2144 274 2181 arque
290 2134 359 2170 illi.
384 2134 502 2171 Reisk.

189 2185 357 2225 Quorum
377 2185 479 2231 prius
496 2184 575 2221 adv.
598 2185 802 2232 temporis,
831 2185 895 2222 etsi
922 2186 1050 2234 potuit
1070 2186 1255 2227 excidere,
1285 2196 1408 2222 tamen
1430 2198 1501 2223 nec
1518 2187 1610 2224 Mssr.

86 2243 159 2268 nec
181 2231 221 2268 P.
245 2233 414 2270 referunt
429 2259 438 2274 ‚
472 2245 511 2270 et
530 2233 642 2270 facile
662 2233 900 2277 subauditur,
928 2247 1030 2283 utet
1050 2235 1111 2271 Sb.
1133 2235 1173 2271 in
1184 2237 1264 2281 Stp.
1285 2237 1328 2271 ad
1347 2247 1460 2284 marg.
1475 2237 1539 2273 Vs.
1552 2237 1612 2274 in-

85 2279 186 2318 serit.
238 2281 312 2317 Sed
334 2279 513 2328 postrema
534 2284 616 2319 Rsk.
641 2296 743 2329 pars,
771 2297 889 2332 aeque
908 2285 1097 2326 violenta,
1133 2297 1213 2320 non
1236 2284 1450 2322 admittitur
1477 2298 1498 2322 e
1515 2298 1612 2323 con-

85 2340 192 2367 textu
211 2330 496 2380 prioribusque,
532 2345 617 2369 cum
638 2333 687 2368 ibi
707 2333 880 2370 dicantur
908 2333 1085 2370 satellites
1113 2334 1265 2382 quidam
1287 2334 1396 2380 plane
1418 2335 1610 2381 profunde

85 2391 162 2427 que
186 2380 378 2423 dormisse,
415 2392 455 2418 et
474 2382 682 2419 decubuisse
703 2384 815 2418 etiam
836 2384 932 2420 haud
955 2383 1069 2420 dubie
1092 2395 1156 2420 aut
1175 2383 1215 2418 in
1237 2383 1338 2425 solo,
1362 2396 1427 2420 aut
1450 2384 1490 2421 in
1508 2384 1609 2421 sedi-

87 2429 171 2467 bus,
196 2429 256 2466 sed
278 2441 380 2465 nunc
396 2431 546 2478 quidam
566 2431 778 2468 referantur
795 2432 960 2479 vigilasse
982 2446 1025 2469 ex
1046 2443 1163 2480 parte,
1191 2431 1252 2468 sed
1269 2444 1308 2468 et
1327 2431 1446 2476 simul,
1473 2434 1607 2471 somno

84 2489 263 2525 urgente,
309 2479 442 2516 stante5
471 2480 591 2527 capita
621 2479 808 2525 reclinaffe
837 2483 874 2518 in
909 2494 1060 2523 manus,
1103 2482 1238 2530 quibus
1267 2481 1382 2519 hastas
1412 2484 1607 2525 tenebant.

84 2526 193 2574 quale
213 2527 303 2573 quid
324 2539 363 2564 et
381 2529 571 2574 pinxerat,
600 2529 697 2578 quasi
721 2530 886 2578 magister
899 2531 1056 2571 Nolim,
1090 2532 1167 2567 Liv.
1189 2545 1251 2576 44,
1273 2541 1328 2576 33.
1351 2531 1452 2581 struto
1468 2545 1554 2580 prae
1567 2533 1606 2570 se

84 2576 199 2611 ereft'o
218 2576 306 2611 stare
321 2579 507 2625 galeatos;
537 2579 646 2621 dein,
669 2580 729 2615 ubi
743 2579 822 2616 feffi
842 2579 930 2624 lint,
963 2581 1109 2617 innixos
1129 2581 1228 2629 pilo,
1253 2582 1369 2626 capite
1388 2582 1496 2630 super
1506 2595 1607 2618 mar·

76 2625 199 2675 ginem
218 2624 310 2661 scuti
329 2627 458 2674 posito,
485 2627 758 2677 sopitosstare;
795 2630 842 2664 cf.
864 2630 902 2666 in
925 2642 957 2665 v.
978 2635 1049 2675 ἔγρ.
1067 2630 1155 2666 hinc
1173 2629 1249 2666 sine
1269 2631 1334 2666 Vs.
1353 2633 1433 2678 Stp.
1455 2631 1527 2667 Th.
1542 2656 1552 2672 ‚
1581 2645 1604 2669 e

84 2673 189 2709 cuius
209 2687 320 2723 marg.
344 2675 423 2712 fere
445 2679 507 2725 Bg.
537 2677 687 2713 resolvit
716 2681 768 2723 (ν.
787 2679 878 2715 Suid
903 2682 947 2720 '¹‚
971 2685 1056 2722 675.
1076 2693 1144 2720 m.,
1180 2692 1260 2715 non
1284 2681 1369 2716 coll.
1391 2683 1436 2718 ad
1462 2681 1548 2717 Hes.
1573 2694 1605 2726 1,

87 2726 191 2766 1076.
218 2723 258 2763 i.)
279 2735 318 2761 et
338 2724 449 2762 sumit
470 2729 549 2763 Lat.
574 2726 795 2768 formulam,
824 2729 993 2776 ignotam
1014 2729 1059 2764 G.
1073 2730 1167 2771 Th„
1198 2729 1235 2765 in
1258 2740 1403 2775 narso„
1431 2730 1495 2766 ubi
1516 2731 1601 2768 Sch.

79 2773 392 2825 „prolabebantur
412 2774 451 2812 in
464 2774 527 2824 s.“
556 2776 653 2814 bene
671 2774 711 2814 in
727 2777 831 2814 subst.
854 2777 926 2817 v‘m.
949 2790 1168 2828 comparans
1187 2778 1261 2818 hoc
1289 2792 1323 2818 v.
1344 2792 1429 2818 cum
1451 2784 1498 2822 εἰς
1524 2779 1601 2820 15ae⁹.
