1687 3137
570 141 1031 190 EPISTOLA-
1512 154 1570 184 xx

44 299 50 307 ,
161 261 270 303 Tum
296 257 546 314 cogitaveris,
585 258 739 307 Frater,
788 254 886 297 illud
912 255 1050 305 etiam,
1096 263 1142 294 ut
1166 251 1424 294 diiudicandis
1453 251 1574 294 rebus

49 317 294 362 eiuscemodi
318 329 392 357 nos
424 315 541 356 critici
563 312 787 355 exseramus
809 326 854 354 ac
877 324 1102 365 promamus
1124 309 1323 352 iudicandi
1351 311 1427 351 vim
1441 343 1454 360 ,
1485 322 1574 350 acu·

49 377 166 428 nien,
196 374 431 430 ingenium,
463 371 513 411 fic
530 384 688 424 quoque
709 369 847 411 eadem
871 370 1173 423 opera-iuvenes
1193 381 1326 422 certae·
1341 368 1488 417 aetatis,
1518 367 1577 406 le·

50 433 187 490 gendo
202 429 420 485 cogitando
441 442 518 481 que
539 426 710 474 secutos,
741 425 849 467 suum
871 439 1013 466 acuere
1038 424 1245 475 iudicium,
1277 425 1481 478 ingenium
1501 424 1581 464 ale-

48 503 117 540 te,
147 500 190 531 et
210 486 398 530 discendis
420 487 566 539 regulis
587 485 726 525 criticis
748 498 791 523 ac
813 484 968 537 legibus
991 483 1069 523 loci
1093 482 1255 534 alicuius
1278 485 1343 521 vel
1363 479 1579 520 emendan-

51 545 115 598 di,
145 547 209 587 vel
236 543 392 591 tuendi,
434 539 782 582 animadvertenda
812 554 892 593 que
921 540 1043 579 critici
1064 538 1304 584 verecundia
1330 549 1371 580 et
1399 538 1579 586 leuitate,

53 601 142 644 fieri
163 602 330 643 idoneos
350 596 458 653 posse
477 599 525 639 ad
545 600 636 638 alios
663 599 784 639 libros
797 625 808 643 ,
838 595 962 637 sacros
980 597 1071 636 illos
1090 607 1130 637 et
1150 594 1340 649 profanos
1353 626 1362 644 ,
1390 594 1500 635 bene
1518 595 1585 634 le·-

54 661 194 714 gitime
216 668 301 712 que
323 655 614 702 diiudicandus,
645 668 733 695 cum
759 668 840 694 non
861 652 936 693 siut
956 654 1067 708 leges
1095 654 1186 693 illae
1216 653 1288 693 uni
1316 662 1467 692 tantum
1487 663 1582 704 pro-

50 717 163 770 priae
186 717 299 764 loco,
316 711 403 754 -sed
429 715 668 766 plerumque
701 708 924 761 universae,
961 710 1142 763 pluribus
1171 723 1252 763 que
1278 721 1510 749 communes
1537 718 1581 749 et

57 783 172 826 aptae
200 769 431 824 scriptorum
457 771 564 810 locis.
1325 791 1328 795 -

170 829 412 871 Nominatim
428 840 520 867 vero
549 827 615 866 illa
632 837 720 878 pars
749 825 900 873 critica,
928 837 1029 877 quae
1058 821 1206 875 spectet
1225 832 1345 876 atque
1371 831 1585 862 enumeret

58 897 214 926 errores
241 885 439 939 graviores
465 883 696 925 Editionum
722 882 880 929 minus,
901 894 1018 932 quam
1039 880 1252 926 Codicum,
1285 877 1504 920 commifl'os
1531 878 1581 919 ab

60 942 192 996 operis
209 943 275 981 vel
299 941 482 990 librariis,
510 936 739 992 praesertim
762 938 804 976 in
826 936 995 977 confusis
1023 937 1186 985 litteris,
1215 933 1391 988 syllabis,
1420 935 1584 976 vocibus

61 999 172 1043 totis,
201 998 414 1050 praecipue
433 992 807 1048 praepofitionibus,
833 1005 1006 1046 quantae
1025 993 1202 1033 utilitatis
1230 992 1300 1043 lit,
1343 993 1478 1044 quanti
1502 1005 1586 1046 que

60 1054 202 1107 pretii,
231 1053 326 1105 quin
353 1053 601 1100 memineris,
641 1051 793 1100 Frater,
832 1064 914 1090 non
946 1049 1097 1091 dubito.
1168 1051 1296 1089 Immo
1325 1049 1472 1103 legisti,
1514 1049 1586 1103 qui

59 1111 125 1150 alii
147 1109 245 1150 tales
272 1121 334 1149 res
359 1107 460 1153 adeo
483 1123 565 1148 non
592 1107 869 1161 negligerent,
900 1118 942 1146 ut
964 1107 1094 1159 potius
1120 1103 1268 1146 summa
1295 1120 1386 1146 cum
1405 1120 1497 1145 cura
1517 1120 1587 1145 an-

59 1166 267 1218 quirerent
285 1163 481 1205 referrent
498 1178 587 1218 que,
617 1165 681 1204 vel
697 1176 769 1217 per
787 1163 952 1210 Indices,
983 1175 1027 1202 ut
1065 1163 1366 1203 cum‘Co'rnario
1385 1162 1592 1204 Fischerun

60 1222 106 1262 in
122 1222 295 1263 Platonis
311 1223 526 1275 particulis,
555 1233 598 1261 ut
614 1222 770 1261 Reizius
792 1222 834 1261 in
854 1219 1175 1262 Tertio-Luciani
1192 1221 1340 1269 Tomo,
1372 1232 1414 1260 ut
1431 1219 1590 1262 Alberti

62 1279 107 1320 in
121 1277 311 1323 Glofl'ario
329 1281 376 1318 N.
394 1282 442 1320 T.
497 1283 552 1320 At
569 1279 705 1330 quanti
725 1277 787 1317 isti
802 1278 889 1318 Viri
909 1291 949 1317 et
968 1291 1085 1330 quam
1102 1275 1224 1321 desti!
1257 1279 1389 1326 Quam
1407 1276 1619 1330 provide„

61 1348 181 1388 quam
207 1337 355 1378 utiliter
381 1335 579 1389 egerunt!
622 1337 778 1382 Horum
802 1345 926 1387 opera
952 1334 1147 1374 accuratio
1172 1347 1250 1387 que
1279 1332 1465 1386 utsaepe
1489 1334 1594 1377 mihi»

61 1390 215 1444 profuit
231 1393 399 1446 inparte
418 1393 491 1432 hac
512 1392 659 1432 critica:
689 1392 743 1432 ita
759 1389 934 1440 confido,
965 1390 1076 1437 fore,
1104 1402 1167 1441 ut,
1197 1404 1315 1444 quam
1341 1391 1592 1445 diligentiam

62 1447 299 1495 adhibebat-n
318 1450 362 1494 in
379 1448 522 1490 talibus
543 1448 742 1489 erroribus
753 1447 986 1502 detegendis
1005 1459 1122 1501 atque
1142 1446 1413 1496 monstrandis,
1445 1447 1592 1489 eadem

0 1524 1 1554 1
62 1505 150 1546 aliis
169 1506 262 1546 olim
278 1504 481 1558 profutura
504 1500 740 1558 lituumque,
769 1517 828 1556 et,
859 1503 1041 1545 confesto
1067 1504 1203 1558 postea
1221 1503 1364 1549 Indice,
1383 1504 1516 1555 fimili,
1546 1517 1592 1546 ut

0 1562 1 1566 ’
63 1561 337 1614 reperiantur,
365 1564 452 1615 qui,
485 1576 601 1616 quam
624 1562 754 1602 habeo
783 1562 950 1617 gratiam
975 1563 1039 1605 vel
1064 1562 1179 1611 vivis,
1211 1561 1275 1600 vel
1302 1562 1463 1601 mortuis
1488 1562 1595 1610 vitis,

66 1618 109 1660 in
138 1631 290 1671 genere
313 1619 391 1659 hoc
415 1633 482 1659 me
514 1618 809 1669 adiuvantibus,
837 1618 1010 1660 eandem
1034 1617 1130 1658 mihi
1157 1617 1388 1672 aliquando,
1418 1619 1597 1670 vesunt)

66 1675 213 1715 viventi
230 1677 418 1730 amplius,
445 1675 639 1722 habeant;
668 1688 712 1717 ut
732 1674 871 1717 senfisti
889 1689 1069 1725 mecum,
1099 1677 1257 1725 Frater,
1291 1672 1370 1722 eise
1396 1676 1493 1726 iam,
1523 1676 1596 1728 qui

66 1744 140 1785 per
157 1731 446 1785 Ephemexides
473 1734 680 1775 littei-arias
702 1732 814 1775 istam
841 1746 1004 1786 operam
1031 1744 1072 1774 et
1088 1731 1396 1786 postulai·int.5et'
1414 1734 1596 1786 expefila·

67 1799 156 1829 rint.

182 1846 333 1887 Harum
350 1847 469 1900 igitur
488 1847 641 1885 critices
660 1847 831 1898 partium
849 1842 940 1885 usus
959 1842 1309 1899 vagaturaxriaxime
1327 1844 1376 1884 ad
1398 1846 1500 1887 viros
1526 1846 1598 1887 do-

70 1900 152 1941 &os
169 1913 211 1941 et
229 1901 440 1943 adultiores
456 1900 782 1952 adolescentulos.
841 1902 943 1948 Nam
968 1901 1072 1954 apud
1090 1914 1244 1953 pueros
1258 1902 1467 1953 tenerioris
1491 1915 1601 1944 aeta·

71 1957 123 1996 tis
141 1968 182 1997 et
206 1958 250 1996 in
264 1954 401 1998 scholis
422 1958 638 1998 minoribus
661 1958 760 1998 haec
779 1957 941 2011 quidem
959 1970 1047 2010 pars
1073 1958 1224 2009 critica,
1239 1958 1334 2007 nili·
1349 1960 1467 2010 plane
1485 1973 1602 2012 prae-

74 2011 270 2054 tereunda
289 2012 356 2060 fit,
387 2025 521 2055 tamen
540 2014 695 2055 modice
713 2027 831 2068 parce
847 2028 928 2067 que
946 2025 1097 2055 tantum
1114 2011 1358 2067 usurpabitur
1370 2045 1379 2063 ,
1393 2047 1398 2054 t
1411 2028 1487 2055 nec
1511 2018 1603 2057 lon·

73 2081 130 2122 go
149 2069 499 2110 iudicandumerit
529 2068 710 2111 sermone
728 2071 780 2111 de
797 2071 892 2111 locis
912 2071 1125 2123 corruptis,
1151 2069 1218 2110 sed
1236 2066 1413 2121 breviter
1430 2070 1523 2113 sons
1551 2087 1599 2119 ac

76 2124 216 2165 modus
244 2127 389 2166 erroris
418 2128 501 2166 vitii
519 2141 596 2179 que
626 2126 879 2174 indicandus,
911 2125 1045 2167 causae
1073 2139 1114 2167 et
1138 2128 1252 2182 leges
1275 2127 1604 2175 emendandiser·

77 2182 192 2222 vandi
211 2195 290 2237 que
318 2192 449 2223 textus
475 2184 607 2235 paucis
631 2181 881 2230 afferendae,
919 2183 1106 2236 quoniam
1130 2195 1197 2225 aut
1218 2197 1432 2236 puerorum
1459 2187 1602 2227 talium

78 2238 289 2291 ingenium
313 2239 493 2280 nondum
511 2239 567 2280 est
587 2240 802 2290 eiusmodi,
842 2250 885 2278 ut
909 2240 1100 2292 percipiat
1120 2241 1292 2294 longum
1315 2241 1505 2285 iudicium
1526 2244 1604 2283 cri.

81 2294 224 2344 ticum,
253 2306 318 2338 aut
337 2309 386 2336 ea
405 2310 528 2348 opera
551 2297 788 2353 praeripitur
808 2306 966 2350 tempus
996 2296 1080 2337 aliis
1109 2296 1250 2344 rebus,
1278 2298 1404 2351 tnagis
1433 2298 1602 2341 neceffa-

81 2351 142 2393 rio
158 2350 369 2391 monendis
387 2365 432 2392 ac
454 2350 643 2394 discendis
669 2353 811 2392 utilius.

196 2410 246 2448 Et
270 2405 321 2447 fic
343 2410 592 2458 memineris,
629 2412 761 2450 Frater
787 2408 1037 2458 Dulciffime,
1067 2421 1093 2451 e
1117 2405 1276 2459 scholis,
1314 2410 1458 2463 quibus
1482 2413 1604 2454 inter-

83 2462 188 2507 fuisti
204 2464 320 2510 olim,
345 2466 461 2514 meis,
491 2465 710 2505 brevissime
736 2464 890 2518 semper
909 2466 1010 2506 hanc
1032 2478 1099 2506 me
1125 2464 1297 2516 trafihffe
1324 2478 1477 2519 partem
1500 2470 1608 2510 criti·

85 2533 181 2560 cam.
240 2521 303 2560 Sic
321 2533 400 2572 que
418 2524 481 2560 Tu
511 2519 590 2575 ipse
617 2523 824 2576 intelligis,
854 2523 950 2564 Tuis
978 2535 1089 2564 nunc
1103 2522 1267 2575 quidem
1285 2525 1382 2569 utile
1404 2523 1491 2565 fore
1517 2524 1608 2567 satis

87 2590 188 2629 que,
214 2575 282 2616 ubi
301 2575 534 2629 cognoscant
558 2580 686 2631 primo
709 2592 731 2619 e
748 2577 968 2619 diversitate
988 2577 1058 2618 ista
1076 2579 1293 2626 leffionum
1312 2593 1463 2634 genera
1487 2595 1609 2634 quae·

85 2632 179 2673 dam
195 2634 422 2686 praecipua,
455 2633 701 2676 confusiones
726 2632 961 2687 praesertim
980 2648 1071 2676 cum
1096 2635 1236 2686 caulis,
1265 2635 1416 2678 deinde
1433 2650 1608 2680 canones

87 2690 236 2741 aliquot
258 2690 408 2730 criticos
427 2690 795 2738 adlemendandutn
814 2691 878 2730 vel
894 2690 1160 2731 obtinendum
1187 2693 1338 2743 locum,
1367 2691 1502 2735 saltem
1523 2698 1608 2735 vul·-

90 2758 215 2800 gares,
244 2746 369 2786 ubivis
389 2746 523 2787 obvios
544 2760 583 2787 et
606 2749 647 2789 in
668 2749 750 2790 aliis
768 2747 877 2790 libris
896 2748 1079 2805 legendis
1099 2749 1370 2806 intelligendis
1388 2763 1466 2806 que
1479 2753 1608 2797 omni·

89 2802 165 2847 bus
195 2803 366 2846 maxime
390 2801 628 2857 profuturos.
1216 2832 1227 2837 -
