1717 3082
92 76 361 125 LIBERIV.
385 77 650 126 CARVIII.
677 79 1003 139 A.V.c.968.
1031 84 1243 136 CHR.N.
1261 101 1382 147 215.
1440 105 1542 149 913

20 188 107 250 τ’ἧς
154 191 270 264 ’π’ξός
313 187 610 263 Ἀλέξανὸξον
660 214 794 244 συνα-
827 201 1190 254 οοηίυηξὶίοηειη
1231 225 1331 256 cum
1361 210 1550 261 Alexan-

18 270 180 337 ,Φέἶας-
218 267 326 320 ἔσθ’
353 268 467 318 ὅπου
487 263 538 318 δὲ
557 268 637 319 καὶ
658 269 789 331 χλεύ·
829 291 875 333 4.
909 279 1004 327 dro.
1059 282 1233 331 Alicubi
1268 288 1399 334 etiam
1432 289 1541 336 deri.

5 357 79 404 ἠς
108 342 278 414 εἷῧομξν
309 356 333 393 8
372 343 520 413 α’ξῶες
553 346 721 403 εἰκόνας
751 349 790 396 ἓν
828 353 992 402 dendas
1025 356 1214 407 vidimus
1248 362 1463 423 imagines
1498 368 1548 417 in

114 486 150 528 g)
170 483 241 518 Ms.
262 483 319 518 Ba.
337 484 452 524 χλεῦης
468 485 594 525 εἴδομεν·
618 485 717 522 ἄλλας
734 483 761 516 δ’
778 486 890 522 sidrac
906 493 939 519 λ.
964 497 999 521 v.
1018 487 1068 524 N.

23 595 140 636 nobis
160 595 371 636 restitutum
391 610 413 635 e
433 596 475 634 P.
525 597 570 634 In
587 595 640 644 sq.
659 609 696 633 v.
720 601 806 638 ἕως.
828 599 975 637 nullum
996 600 1124 640 locum
1144 604 1252 643 tener
1268 606 1345 654 Stp.
1365 607 1439 645 Th.
1459 621 1546 650 curn

25 658 102 686 acc,
121 651 181 686 εἰη.
202 657 241 685 et
260 651 376 696 arag„
399 646 446 683 cf.
470 657 596 684 tamen
613 647 696 684 lnd.
715 648 825 684 Dem.
847 660 887 686 et
906 651 985 688 Ael.
1010 651 1053 687 V.
1077 652 1135 694 h...
1162 667 1219 703 ap.
1242 668 1350 704 quem
1375 670 1432 700 10,
1457 672 1491 695 2.
1512 674 1545 697 e.

24 709 182 746 quoque
210 708 298 734 cum
331 710 385 746 pr.
423 702 477 739 ἐν,
526 696 693 733 variante
721 697 857 734 Nostro
886 709 971 735 cum
1012 698 1128 748 simpl.
1156 715 1188 746 1,
1213 716 1269 751 14,
1302 713 1380 748 18.‚
1409 708 1472 744 sed
1497 708 1543 746 ad

25 747 177 797 analog-
198 746 315 784 modo
342 746 528 784 scribente
548 746 590 783 in
611 745 663 795 sq.
682 758 716 782 v.
739 750 813 785 ἐπι-Λ.
835 759 922 785 cum
942 748 1136 788 adiunc'tis.

76 819 141 856 τῆς
161 820 244 861 πρὸς
263 813 314 859 Α.)
343 812 499 850 Romam
517 825 583 861 que
608 812 649 849 in
673 814 846 861 Capitolio
870 826 909 852 et
933 817 1018 852 aliis
1039 816 1159 856 fanis,
1188 821 1340 868 replevit
1366 823 1489 861 statuis
1509 836 1545 862 et

22 860 252 911 imaginibus
275 862 359 900 suae
376 875 459 900 cum
479 863 692 899 Alexandro
711 862 1003 901 coniunftionis.
1028 868 1118 915 Sylb.
1171 869 1306 907 Omifit
1326 872 1417 908 haec
1433 874 1545 910 verba

23 911 134 954 1³01„
159 912 298 960 quibus
325 910 472 961 aliquid
491 911 611 962 deeffe
631 911 816 961 suspicor,
844 926 919 961 quo
940 913 1061 952 sensus
1084 916 1315 965 suppleatur:
1345 931 1546 961 contextus

23 960 123 998 ratio
145 962 256 999 talem
281 960 469 1011 suggerit,
494 961 605 1000 videl‘.
625 962 727 1010 quod
748 962 966 1000 Antoninus
991 964 1078 1001 ideo
1100 966 1349 1006 Alexandrum
1369 972 1546 1010 omnibus

22 1009 106 1048 fere
124 1009 196 1048 aris
216 1011 381 1054 coleret,
409 1021 564 1059 propter
583 1011 850 1061 cognationem
872 1025 981 1061 quarn
1006 1014 1069 1052 fibi
1096 1028 1179 1052 cum
1200 1017 1408 1057 Alexandro
1430 1021 1549 1058 inter-

21 1061 162 1098 cedere
181 1060 395 1098 somniavit.
417 1064 533 1099 Oxon.
557 1061 582 1098 i.
605 1074 637 1098 e.
663 1061 897 1099 coniunffim
930 1063 1028 1100 suam
1057 1076 1140 1101 cum
1160 1066 1359 1105 Alexandri
1381 1069 1546 1121 imagine

22 1109 172 1160 posuit,
201 1123 246 1148 ut
265 1110 365 1148 reite
386 1123 540 1159 quoque
560 1110 709 1149 Scheid.
733 1110 1014 1160 interpretatur.
1042 1115 1178 1153 Stroth.

118 1176 198 1226 Qi
222 1188 263 1216 et
287 1177 328 1215 in
347 1177 398 1214 N.
423 1176 512 1214 Chr.
537 1177 655 1219 ‚‚Sch.
679 1177 949 1225 interpretatus
971 1178 1040 1215 est:
1069 1180 1322 1218 coniunelionis
1348 1194 1433 1220 cum
1457 1187 1545 1222 Ale·

0 1229 193 1275 Exandro,
224 1226 262 1263 h.
291 1240 325 1264 e.
360 1236 402 1263 ut
421 1226 526 1276 suam
564 1227 755 1276 imaginem
781 1241 855 1264 cum
882 1229 1089 1265 Alexandri
1119 1231 1273 1279 imagine
1306 1233 1545 1283 coniungeret.

0 1277 213 1326 {Adrianus
236 1277 369 1314 lunius
387 1276 488 1319 inter
514 1276 600 1313 alias
619 1277 730 1315 huius
753 1277 856 1314 vocis
875 1275 1181 1326 significationes,
1218 1280 1370 1318 exhibet
1390 1295 1545 1332 quoque

20 1323 205 1376 expreffio,
218 1324 405 1376 effigiatim
416 1326 518 1364 nulla
535 1338 661 1364 tamen
675 1327 890 1365 auetoritate
911 1328 1075 1364 addufla.
1102 1329 1234 1366 Nescio
1248 1342 1292 1366 an
1315 1332 1357 1366 ad
1380 1333 1543 1370 nostrum

20 1377 151 1415 locum
171 1374 417 1425 respexerit.“
439 1377 649 1415 Sch.1nodo
662 1390 706 1415 ex
721 1376 803 1414 lud.
815 1377 892 1419 Sb...
922 1377 986 1426 qui
1000 1376 1038 1414 in
1053 1379 1101 1415 N.
1114 1391 1196 1427 gen.
1208 1391 1329 1426 συναφ.
1345 1382 1545 1429 copulabat

22 1428 129 1465 nude
147 1439 233 1464 cum
251 1424 359 1464 subst.
379 1438 452 1474 prr.
473 1429 567 1472 ἂνδς.
586 1434 643 1465 καὶ
661 1433 745 1470 six..
772 1425 874 1475 quod
894 1426 1088 1464 obscurum
1108 1429 1169 1470 est,
1194 1440 1237 1466 ut
1255 1431 1380 1467 Oxon.
1400 1431 1546 1479 supple-

21 1487 198 1514 mentum
228 1485 309 1519 non
339 1474 604 1519 necessarium,
629 1488 716 1513 cum
746 1475 974 1513 extrinsecus
998 1477 1113 1513 modo
1133 1477 1224 1514 sumi
1252 1490 1424 1526 oporteat
1448 1480 1543 1518 istud

22 1524 147 1566 ἕνεκα,
173 1525 278 1573 quod
300 1536 340 1563 et
368 1527 432 1572 Bg.
455 1525 582 1563 innuit
610 1537 677 1573 per
703 1525 782 1575 syn.
804 1537 949 1573 praep..
974 1525 1075 1564 facili
1104 1526 1208 1564 sensu
1230 1539 1270 1563 ac
1290 1527 1401 1570 serie,
1436 1528 1543 1566 statui

20 1575 87 1614 fibi
109 1575 207 1613 iuffit
223 1575 366 1624 ubique
386 1574 519 1611 statuas
531 1586 570 1612 et
589 1575 758 1623 pisturas,
781 1574 981 1612 Alexandri
1001 1576 1162 1623 speciem
1174 1577 1363 1618 habentes,
1385 1579 1433 1614 ob
1454 1591 1543 1615 con-

19 1624 256 1664 iunfflonern
275 1622 375 1662 suam
395 1636 480 1661 cum
499 1624 581 1667 illo,
607 1625 628 1661 i.
649 1624 969 1666 convenientiam.
992 1625 1221 1668 affinitatem,
1248 1626 1544 1669 fimilitudinem,

20 1674 49 1713 s.
68 1675 157 1723 quia
184 1674 264 1722 ipse
293 1673 470 1721 putabat.
496 1672 533 1710 se
553 1673 609 1711 illi
631 1673 785 1711 similem
815 1674 906 1715 effe,
929 1673 968 1711 se
990 1687 1064 1722 que
1093 1675 1227 1713 habere
1254 1677 1428 1723 quaedam
1456 1690 1542 1714 cum

19 1724 93 1763 illo
110 1723 347 1766 communia;
372 1734 438 1772 per
456 1734 568 1771 quam
589 1722 734 1772 ellipsin
755 1723 848 1760 salva
870 1723 921 1760 est
940 1724 1051 1762 leffio
1072 1726 1195 1773 vulg..
1221 1737 1290 1762 nec
1310 1728 1485 1762 tentanda
1500 1727 1541 1763 in

20 1773 194 1812 dativum
214 1772 294 1822 syn.
320 1775 369 1821 τῇ·
387 1792 426 1801 -
447 1778 638 1821 συνκφείᾳ,
662 1771 760 1821 quasi
778 1771 940 1810 confufis
971 1772 1106 1811 iterum
1128 1791 1144 1817 ς
1165 1785 1204 1811 et
1225 1789 1256 1816 ις
1279 1774 1369 1810 nihil
1392 1774 1542 1812 ferente

19 1825 106 1873 Stp.
127 1823 225 1865 Th„
246 1834 360 1870 quam
381 1823 422 1859 in
447 1838 516 1860 συν.
539 1823 622 1860 Lat.
640 1826 724 1871 Bg..
754 1825 829 1871 (ap.
851 1823 898 1859 G.
921 1823 995 1859 Th.
1016 1823 1142 1860 saltem
1171 1836 1252 1859 cum
1280 1824 1357 1872 syn.
1375 1827 1539 1872 cumea.)

19 1884 61 1912 et
83 1873 267 1921 tropicam
288 1870 485 1909 notionem
507 1871 623 1910 modo
645 1884 731 1910 cum
759 1884 843 1921 gen.
864 1871 1016 1921 aliquo,
1044 1873 1092 1910 cf.
1114 1873 1159 1909 de
1181 1871 1322 1920 phyfica
1351 1873 1390 1909 in
1414 1875 1539 1922 Geop.

20 1922 125 1966 lnd„
148 1921 211 1961 sed
229 1933 285 1969 ap.
306 1921 413 1959 Suid.
436 1920 511 1958 fine
536 1918 686 1968 χρήσει,
713 1934 795 1958 non
816 1923 903 1959 coll.
924 1923 969 1959 ad
990 1924 1100 1964 Hes„
1133 1923 1199 1959 ubi
1220 1922 1258 1958 in
1279 1922 1326 1958 N.
1349 1932 1495 1958 tantum
1518 1936 1540 1959 e

20 1974 163 2022 Symm.
182 1971 228 2008 ad
239 1972 285 2009 V.
295 1971 358 2014 T„
378 1982 524 2020 praeter
539 1983 634 2021 quae
652 1984 732 2009 non
752 1971 888 2019 reperi,
912 1982 955 2008 ut
967 1971 1099 2010 Noster
1119 1983 1202 2007 cum
1224 1983 1347 2018 praep.
1371 1970 1538 2009 iunxerit

20 2021 139 2061 modo
166 2033 234 2069 per
258 2021 405 2069 analog.
427 2021 705 2063 illorum·Lat.,
732 2033 847 2069 quae,
874 2031 1020 2068 praeter
1041 2023 1128 2068 Bg.‚
1153 2031 1239 2060 ante
1269 2019 1392 2067 posui,
1421 2019 1469 2057 cf.
1496 2020 1538 2059 in

18 2083 101 2110 tem
122 2071 239 2110 Dion.
258 2072 300 2108 C.
324 2082 430 2116 1292,
447 2082 509 2116 90.
535 2067 662 2115 εῗκὸνας
682 2075 792 2109 αὐτοῦ
817 2075 948 2114 πολλὰς
978 2078 1033 2108 καὶ
1057 2074 1089 2107 ἐν
1114 2076 1183 2111 τοῖς
1216 2074 1451 2114 ‘remon-§3010
1478 2079 1535 2108 καὶ

21 2127 56 2162 ὃν
74 2123 163 2170 αὐτῇ
183 2121 229 2168 rii
247 2115 354 2168 Ῥαἷμῃ
377 2129 491 2164 essem,
528 2121 593 2168 (ad
613 2133 723 2169 quem
744 2120 869 2159 locum
883 2119 933 2157 cf.
952 2121 1055 2157 Fabr.
1075 2118 1197 2173 §·4².··
1223 2117 1288 2166 qui
1308 2118 1431 2160 docet,
1460 2132 1538 2155 me·

19 2171 180 2210 moriam
208 2169 407 2208 Alexandri
438 2182 652 2208 renovatam
680 2171 724 2208 ab
753 2182 799 2206 eo
825 2169 895 2206 effe
919 2169 1033 2207 etiam
1060 2180 1183 2205 numis
1209 2178 1247 2203 et
1271 2168 1535 2205 certaminibus

19 2219 273 2270 quibusdam,)
299 2229 338 2256 et
363 2223 469 2265 1326,
489 2224 525 2256 6.
547 2219 594 2256 de
611 2219 785 2256 Macrino
799 2243 810 2261 ‚
834 2227 900 2257 τῶν
917 2221 1112 2265 ἀνδριάντων
1132 2220 1224 2257 τινὲς
1244 2224 1309 2253 τῶν
1337 2221 1368 2254 ἐν
1385 2219 1430 2264 τῇ
1455 2215 1535 2254 Ῥό-

16 2285 67 2318 mi
90 2269 155 2308 15ae&
172 2271 235 2308 τοῦ
254 2271 473 2316 Ἀλεξάνδρου
492 2271 587 2315 αὐτ-ᾇ
606 2272 859 2311 ἀνατεθέντων,
886 2276 942 2307 καὶ
963 2269 1056 2314 adv-223
1077 2271 1183 2313 ἐκείνῳ
1203 2268 1391 2305 exsti-mv.
1418 2269 1533 2312 Λάθρα

20 2314 234 2368 καθῃρήκει,
259 2330 344 2355 cum
367 2331 402 2366 p.
428 2329 532 2366 ¹327·
555 2319 589 2367 §.
611 2329 715 2366 103.‚
744 2329 902 2355 notante
924 2316 1047 2354 Leisn.
1075 2315 1114 2351 in
1144 2328 1192 2350 m.
1215 2316 1284 2369 ΟΧ.
1334 2314 1426 2354 „Ob
1445 2317 1533 2352 Ale·

18 2369 203 2406 xandrum
221 2366 449 2405 Macedonas
468 2367 568 2415 ipsos
587 2367 726 2405 amavit
744 2367 947 2408 Caracalla,
977 2379 1012 2401 v.
1036 2364 1200 2400 Vaillant
1221 2376 1258 2398 in
1272 2364 1395 2401 Carae.
1420 2376 1456 2410 p.
1471 2369 1529 2402 62.

17 2429 62 2456 et
78 2417 158 2455 Dio
176 2429 236 2464 77.
257 2429 294 2465 p.
320 2428 426 2463 1272.
443 2418 580 2466 Spanh.
597 2418 646 2456 T.
667 2430 700 2454 2.
721 2430 757 2465 p.
781 2425 863 2463 388.
912 2415 1027 2452 Liebe
1047 2412 1172 2450 Gotha
1192 2423 1297 2448 num.
1319 2424 1356 2459 p.
1372 2420 1484 2448 101.“

71 2479 151 2524 ’ἔσθ’
171 2479 280 2532 ὅπου)
308 2483 502 2528 Quaedam
531 2482 596 2520 hic
621 2481 768 2520 omittit
797 2480 896 2522 Pol„
930 2479 975 2516 de
1003 2477 1136 2532 quibu}=
1165 2477 1246 2525 lege
1274 2490 1371 2514 meas
1394 2488 1528 2515 annot.

18 2533 137 2583 Stepb.
199 2534 477 2581 Nonnusquam
503 2533 613 2569 etiam
639 2531 713 2582 msa
741 2531 871 2578 dignas
901 2529 1064 2577 pilluras
1092 2527 1275 2582 vidimus,
1318 2528 1421 2562 unius
1454 2527 1528 2563 scil.

19 2582 201 2632 corport‘s,
216 2580 281 2630 sub
299 2582 414 2619 unius
441 2582 573 2629 eapitis
593 2579 917 2620 circumferentia,
942 2579 1030 2614 duas
1054 2575 1166 2629 facies
1192 2575 1400 2612 dimidiatas
1418 2576 1443 2612 s.
1465 2588 1529 2623 per

20 2633 187 2670 medium
204 2631 315 2670 seaas
327 2632 534 2668 Alexandri
551 2640 590 2667 et
599 2629 787 2667 Antonini·
827 2624 1044 2663 Cuiusmodi
1065 2624 1286 2679 {comnibus
1304 2624 1417 2680 nostri
1437 2637 1527 2673 quo-

21 2692 96 2729 que
114 2681 275 2729 pistores
294 2681 382 2717 alias
399 2679 627 2717 sacerdotem
649 2689 689 2717 et
713 2677 872 2715 militem
885 2701 895 2717 ‚
929 2674 1016 2711 alias
1036 2673 1105 2709 aha
1129 2671 1362 2719 profeffioms
1382 2685 1527 2721 genera,

19 2730 132 2780 plane
141 2729 296 2774 diversa,
312 2730 354 2768 in
372 2740 490 2768 unum
513 2736 800 2777 concorporem.
825 2725 916 2771 sylb.
961 2725 1099 2761 lterum
1117 2721 1296 2771 quaedam
1315 2722 1438 2760 omifit
1453 2724 1528 2761 Pol.

810 2785 982 2829 Mmm
