1722 3086
104 107 205 167 ⁶44
274 102 448 150 LIBER
465 101 540 147 111.
576 96 788 148 CARIX.
827 99 880 146 Α.
901 100 959 147 V.
983 99 1033 146 C.
1052 113 1167 161 95²·
1203 101 1344 149 CHR.
1362 103 1429 149 N.
1455 120 1562 169 199,

106 220 198 277 δας
273 217 488 290 ὁμηρεύειν
573 222 634 273 εἰς
708 214 877 284 εἰσ-φοί·
915 222 1170 288 liberosque
1223 223 1322 273 suos
1369 224 1542 276 ,obfides
1593 229 1648 279 ἃᾶ

106 306 229 351 λειαν
275 298 441 352 πίς-εως
484 289 677 365 ἐξέδωκε
724 293 758 356 ¹,
809 315 877 344 το·
917 301 1229 349 certitudinem
1263 300 1367 351 fidei
1400 303 1648 353 dedit:.sa-

107 375 257 447 ξότας
307 372 354 423 τέ
398 375 615 427 πλεῖς-ους
688 370 876 438 συμμά-
912 378 1204 442 ’ἓίεῒετίοεφιε
1264 374 1482 445 plurimos
1523 384 1647 431 auxi-

106 471 220 519 ,χους
264 449 452 515 ἤγαγεν,
536 442 633 499 ὁὸὲ
677 447 881 518 Σεβῆςος,
924 467 970 514 5.
1005 454 1132 502 liares
1155 455 1352 503 adduxit.
1409 461 1646 506 Caeterum

200 585 228 625 1)
253 584 317 616 Pro
336 589 505 615 commate
530 580 616 620 tel„
634 580 796 624 punstum
811 579 867 614 hic
891 579 1021 614 habent
1039 581 1102 618 A..
1123 589 1165 614 ut
1181 580 1237 623 Rg.
1257 584 1326 617 MS.
1345 581 1416 617 sua.

108 698 225 737 habet
236 695 410 745 Ἀγβαςος
430 701 446 733 ὁ
467 702 534 734 τῶν
549 694 728 743 '‘ocyma-1
748 692 936 738 βασιλεῦς,
958 693 1025 732 ubi
1047 692 1153 732 vides
1174 693 1358 733 diversam
1378 695 1646 746 orthographi-

108 763 172 787 am
198 759 279 785 ‘tam
309 746 350 783 in
388 742 567 794 Aevyagoc,
605 757 717 794 quam
747 744 788 781 in
817 745 995 791 ὀςςοηνῶν
1038 743 1246 786 observari,
1288 747 1402 795 (quia
1429 745 1646 795 praefixerat

109 799 240 839 Leisn.
271 797 494 845 scripturam
515 795 606 832 edit.
630 797 690 832 Bc.
713 807 745 831 2.
764 794 876 841 inge.)
925 793 1037 843 Apud
1056 793 1168 843 Xiph.
1188 808 1209 831 a
1226 796 1330 844 Sylb.
1358 807 1548 845 perpetuo
1567 796 1647 835 edi-

108 861 193 888 tum
212 848 263 886 est
282 845 449 893 Αὕγαςος.
503 844 620 883 Numi
647 857 718 882 nec
738 843 947 881 Herodiani
969 844 1152 881 scribendi
1175 846 1383 888 rationem,
1407 859 1480 883 nec
1507 845 1647 884 Dionis

110 900 298 950 probant,
326 906 464 945 utpote
485 896 526 932 in
546 894 682 944 quibus
699 894 750 931 est
771 895 917 942 semper
933 892 1125 942 Ἂβγαςος,
1150 907 1184 932 v.
1205 896 1341 943 Spanh.
1364 897 1411 933 de
1432 896 1469 934 P.
1493 907 1533 933 et
1546 898 1589 933 U.
1607 909 1645 934 n.

110 963 148 1000 p,
167 963 216 986 m.
240 952 299 989 36.
324 960 361 996 p.
383 959 468 993 4²1·
496 946 548 993 sq.
570 954 650 993 829.
677 944 758 990 (sed
776 957 812 992 p.
828 958 875 981 m.
903 949 984 980 126.
1003 958 1050 980 m.
1080 945 1285 992 »Ἀβγὰςου
1305 945 1489 983 familiare
1500 945 1646 984 Edessae

109 1000 327 1049 regulorum
347 1008 512 1039 nomen,
540 1007 644 1038 non,
673 1006 717 1032 ut
735 994 851 1031 hodie
871 1007 929 1043 ap.
949 992 1167 1042 Appianum
1187 995 1380 1042 'Aufidenam
1403 996 1463 1033 vel
1481 996 1646 1043 ap.Dio·

109 1063 199 1088 nem
223 1061 261 1086 et
279 1046 509 1089 Herodian„
546 1048 732 1090 Αΰγάςσυ,
758 1043 1028 1082 scribendum«
1061 1041 1102 1081 it.
1126 1058 1160 1094 p.
1185 1056 1266 1092 534.
1291 1045 1344 1095 sq.
1368 1056 1410 1083 et
1431 1058 1512 1092 579.
1535 1058 1584 1082 m.
1602 1056 1646 1083 ut

110 1113 149 1150 p.
172 1109 254 1146 535.
276 1111 306 1134 e.
326 1097 375 1134 est
403 1095 517 1133 etiam
539 1106 678 1132 numus
705 1095 856 1136 Severi,
882 1094 948 1132 ubi
976 1093 1077 1142 Ἀβγ.
1103 1095 1268 1141 βασιλεδς
1290 1110 1372 1141 μεγ,
1397 1094 1422 1132 s.
1443 1103 1577 1140 μέγας,
1604 1105 1645 1132 et

108 1149 337 1198 disputatur,
366 1159 442 1196 quo
465 1145 548 1182 iure
567 1143 716 1182 Edessae
738 1144 905 1191 Regulus
923 1157 969 1181 eo
988 1143 1145 1181 nomine
1165 1145 1334 1195 insigniri
1353 1144 1534 1193 potuerit.
1573 1147 1644 1182 Ve-

109 1213 196 1238 rum
221 1212 252 1234 e.
272 1200 358 1245 Beg.
381 1207 415 1242 3,
441 1205 519 1244 130.
541 1195 585 1231 ad
606 1194 767 1230 nostram
793 1194 822 1240 §.
841 1194 938 1231 hanc
956 1204 1128 1231 notatam
1142 1197 1256 1232 modo
1276 1207 1432 1233 numum
1453 1197 1644 1242 „Severus

108 1261 197 1286 cum
216 1247 394 1297 Abgaro.)
420 1265 460 1273 -
511 1247 572 1282 De
592 1243 754 1281 nornine
785 1239 968 1291 Αὔγαρσς,
996 1255 1036 1281 et
1064 1243 1332 1294 orthographia
1351 1244 1452 1282 iuius
1472 1256 1512 1283 et
1535 1243 1645 1294 figni-

109 1298 289 1337 ficatione
314 1309 349 1332 v.
373 1294 565 1333 Fabricius
585 1292 715 1331 Codic.
739 1296 880 1343 Apogr.
905 1296 956 1331 N.
978 1294 1027 1332 T.
1044 1293 1093 1332 T.
1118 1306 1148 1330 1.
1178 1308 1215 1343 p.
1235 1298 1318 1342 316.
1368 1294 1483 1343 Apud
1503 1294 1644 1342 Appia.

107 1362 200 1388 num
220 1349 267 1385 de
289 1346 373 1384 bell.
385 1345 506 1382 Parth.
529 1357 566 1392 p.
587 1355 668 1388 229.
691 1343 849 1392 legitur:
875 1348 1101 1391 παραγίνετει]
1117 1349 1297 1391 φύλαρχος
1315 1344 1490 1394 Ἀράβων,
1509 1342 1645 1393 'Anteae

109 1415 165 1448 ξος
191 1409 265 1435 ete.
327 1395 400 1433 Sed
421 1395 483 1431 hic
513 1394 615 1430 idern
634 1394 800 1431 Acbarus
827 1405 885 1440 ap.
906 1394 1001 1430 Plue-
1035 1392 1076 1428 in
1095 1394 1220 1430 Crasso
1251 1407 1287 1442 p.
1308 1407 1387 1442 555.
1413 1397 1462 1432 D.
1487 1392 1644 1439 vocatu?

106 1449 299 1496 Ἀριάμνης,
319 1467 358 1475 -
383 1445 459 1482 Th.
478 1443 601 1481 Smith
617 1443 664 1479 ad
683 1443 935 1480 Monumenta
955 1442 1174 1490 Palmyrena
1197 1455 1232 1491 p.
1253 1455 1272 1479 2
1280 1452 1311 1490 3.
1361 1445 1527 1481 Arabum
1548 1443 1645 1492 phy-

104 1499 252 1536 larchus
281 1492 434 1543 ἆίκβαιςιας
461 1494 485 1532 s.
516 1492 661 1530 arabice
689 1493 819 1529 acharo
839 1497 856 1530 ὃ
885 1498 1043 1539 uenia-1509
1068 1504 1332 1542 nuncupatur,
1360 1504 1474 1542 quem
1496 1491 1642 1531 Plutar‘·

105 1549 200 1586 chus
234 1546 406 1584 Parthico
428 1544 614 1580 vocabulo
635 1542 814 1590 Ἀριάμνην
840 1543 1005 1592 appellat
1032 1541 1162 1579 eadem
1191 1542 1301 1590 plane
1326 1541 1642 1593 fignificationes‘

104 1599 208 1636 Tum
225 1597 286 1635 Sb.
305 1595 386 1633 lnd.
399 1596 482 1632 Lat.
508 1595 714 1642 „Augurus
730 1612 770 1619 —
792 1588 951 1639 Αόγειρος
968 1591 1081 1628 etiam
1101 1605 1158 1641 ap.
1178 1591 1360 1630 Suidam“
1377 1592 1439 1630 sed
1459 1605 1500 1630 et
1518 1593 1641 1636 aliter,

104 1647 156 1686 cf.
176 1647 222 1685 ad
241 1646 355 1693 Hesy.
371 1658 401 1690 ι,
415 1649 499 1682 610.
524 1644 574 1681 N.
596 1654 658 1680 20.
708 1642 902 1691 Xylander
920 1642 964 1677 ad
984 1641 1102 1678 Dion.
1125 1654 1161 1689 p.
1185 1646 1288 1689 1396.
1302 1653 1341 1679 et
1361 1643 1407 1679 ad
1424 1645 1528 1680 hunc
1544 1654 1642 1691 quo-

104 1710 180 1749 que
202 1698 308 1733 Fabr.
330 1708 367 1744 p.
394 1698 499 1739 1256.
517 1693 550 1742 §.
576 1701 608 1738 3.
628 1692 757 1733 »τεᾶς
775 1693 945 1741 Abgarus
966 1691 1176 1740 appellatur
1194 1691 1238 1728 ab
1252 1691 1406 1730 Herodi.
1424 1701 1459 1740 3,
1479 1704 1516 1738 9,
1535 1705 1568 1738 5.
1598 1690 1640 1729 id

103 1746 208 1785 enim
228 1758 372 1783 nomen
391 1743 449 1781 his
469 1742 609 1793 regulis
626 1740 813 1780 familiare
832 1741 908 1782 „ad
926 1742 1049 1790 Capit.
1070 1741 1256 1778 Antonin.
1279 1742 1384 1779 Pium
1405 1753 1435 1777 c.
1455 1753 1489 1785 9.
1500 1755 1537 1792 p.
1552 1753 1641 1787 270.

103 1796 188 1836 cas.
209 1797 256 1833 N.
285 1808 311 1831 1.
335 1796 379 1833 ad
402 1795 593 1843 Abgarum
617 1805 738 1841 regem
758 1789 975 1833 „familiare
995 1803 1137 1828 nomen
1159 1792 1300 1840 regulis
1323 1790 1495 1830 Orientis
1517 1792 1641 1842 Abga-

101 1860 191 1890 rus,
217 1847 278 1883 vel
301 1857 344 1884 ut
370 1845 494 1894 plures
520 1843 758 1881 Graecorum
786 1841 957 1880 scribunt
980 1837 1173 1888 Αόγαςσςίῑ
1192 1841 1239 1878 ad
1268 1843 1360 1880 Tac.
1378 1843 1479 1879 Arm.
1502 1854 1558 1886 12,
1580 1854 1639 1880 ια.

100 1898 154 1938 N.
174 1910 210 1944 4.

147 1964 345 2016 ὃμηςειῖειν)
370 1967 460 2016 Eg..
485 1961 633 2002 deserto
654 1962 697 1999 Ρ.
711 1988 724 2006 ,
755 1972 836 1999 tum
857 1960 905 1997 de
930 1959 997 1998 suo
1023 1959 1129 1998 addit
1147 1972 1257 2008 pron.
1278 1962 1324 1999 ad
1343 1965 1463 2004 ποιῶ..
1491 1969 1574 1998 turn
1593 1959 1637 1999 in

101 2017 257 2068 singulis
282 2014 473 2052 vocabulis
493 2013 545 2051 est
561 2010 747 2054 severior,
774 2022 1036 2060 praeterquam
1057 2011 1098 2048 in
1120 2024 1152 2046 v.
1166 2014 1275 2057 ἐξεδ.,
1303 2012 1385 2059 (ubi
1407 2010 1636 2060 procedebat

101 2080 228 2116 comp.
245 2076 310 2103 aut
332 2068 373 2102 P.
403 2067 574 2106 tradere,
602 2072 668 2099 aut
694 2063 844 2102 dedere,
869 2061 916 2096 cf.
937 2063 1018 2108 Stp.
1044 2060 1118 2096 Th.
1139 2073 1223 2098 cum
1250 2061 1334 2099 lnd.
1357 2061 1477 2098 Dion.
1502 2061 1568 2107 C.)
1593 2071 1635 2097 et

97 2117 141 2156 in
166 2117 260 2159 inf.‚
283 2115 371 2156 ubi,
400 2127 469 2163 pro
500 2112 602 2150 iuius
622 2111 697 2149 dat.
724 2110 830 2148 subst.
859 2110 962 2159 sym,
990 2109 1103 2147 sumit
1130 2123 1230 2152 acc.‚
1255 2111 1424 2160 oppreffa
1454 2109 1634 2159 particula

99 2170 181 2207 Lat.
208 2177 404 2214 tanquam,
431 2163 522 2199 dum
548 2162 662 2211 vulgo
684 2161 724 2198 in
745 2174 780 2198 v.
801 2173 836 2198 v.
857 2161 972 2196 dandi
989 2158 1182 2197 adiunftus
1203 2159 1272 2197 inf.
1285 2158 1486 2198 resolvitur
1505 2160 1565 2198 vel
1590 2160 1634 2198 in

98 2217 278 2266 supinum
301 2217 396 2257 Lat„
427 2213 487 2250 vel
510 2212 550 2249 in
572 2223 695 2259 praep.
710 2223 796 2247 cum
814 2210 918 2247 artic.
937 2214 983 2251 εἰς
1000 2217 1063 2252 τὸ,
1086 2210 1144 2247 vel
1165 2210 1203 2246 in
1226 2208 1442 2257 particulam
1464 2208 1541 2252 ὅςε,
1560 2203 1641 2259 pro’
1713 2224 1719 2240 ν

96 2268 151 2308 ἵνα
170 2265 326 2309 causali,
353 2275 431 2312 quo
453 2261 591 2310 {pestat
610 2261 688 2308 Stp.
710 2260 783 2296 Th.
803 2273 847 2302 2,
874 2272 977 2306 1292.
997 2259 1043 2296 G.
1071 2259 1158 2305 ,,ὅμ,
1176 2259 1256 2297 sum
1278 2259 1396 2298 obses.
1423 2259 1581 2298 Herodi.
1601 2259 1632 2297 l.

99 2328 137 2366 3.
165 2312 438 2359 τούς-ἔδωκε,
469 2314 490 2349 ἰ.
510 2325 542 2348 e.
566 2310 693 2350 dedic.
720 2320 760 2346 ut
780 2309 925 2347 obfides
946 2310 1058 2357 fidei,
1085 2311 1130 2346 ab
1151 2323 1198 2346 eo
1218 2311 1345 2354 datae,
1371 2308 1514 2360 φημι
1543 2320 1633 2348 cum

96 2365 264 2405 leffione
285 2364 354 2401 axia
385 2361 625 2415 memoriter,
651 2360 700 2396 cf.
729 2360 864 2408 Hesy..
902 2372 982 2414 uon
1007 2359 1094 2396 coll.
1119 2359 1220 2396 Suid.
1249 2361 1308 2397 Rs.
1332 2361 1407 2398 An.
1434 2361 1480 2398 ad
1502 2357 1633 2409 Eurip.

97 2431 137 2467 p.
165 2424 223 2458 88.
251 2414 333 2453 Ael.
348 2414 393 2450 V.
414 2415 450 2448 h.
470 2413 589 2448 Dmn.
606 2411 659 2465 ⁸H.
678 2411 715 2446 S.
739 2411 785 2447 T.
805 2423 833 2444 ι.
860 2411 926 2445 ubi
947 2422 992 2447 ex
1013 2424 1072 2454 59,
1098 2422 1151 2451 ¹7·
1181 2411 1315 2452 δοθῆνοω
1342 2413 1467 2452 αὐτοὺς
1486 2428 1524 2436 -
1545 2408 1630 2454 ‹fsq-
1677 2449 1682 2454 ῃ

96 2472 302 2516 μύσαν-τας,
332 2476 397 2511 per
416 2462 495 2511 syn.
519 2459 712 2508 particip.'‚
735 2470 777 2495 lt.
802 2471 847 2495 ex
869 2469 929 2505 34,
947 2470 1006 2506 47.
1035 2455 1158 2506 κόρης,
1185 2455 1222 2501 ἦν
1249 2465 1445 2508 πατρὸςείς
1469 2458 1628 2506 ὁμηρείας

94 2512 234 2558 δόντος,
260 2514 429 2550 variante
453 2509 590 2549 Nostro
610 2522 652 2544 ex
676 2520 779 2556 parte
802 2520 888 2545 cum
913 2517 946 2554 3,
971 2522 1005 2550 2.
1028 2521 1060 2549 8·
1086 2513 1128 2549 ὥς
1152 2504 1232 2554 ἔχοι
1253 2505 1362 2555 ἶμηξα
1390 2519 1453 2554 τῆς
1473 2531 1513 2540 ·-
1528 2514 1629 2549 πίπ-

94 2582 158 2609 ως,
184 2565 245 2602 sed
264 2563 447 2600 scribente
467 2563 510 2599 ad
538 2559 684 2607 analog.
704 2569 785 2595 tum
808 2558 846 2593 in
869 2561 917 2604 ἐξ.
937 2571 1019 2594 cum
1051 2557 1128 2602 ὅμ...
1159 2569 1237 2595 tum
1261 2559 1299 2594 in
1324 2563 1411 2607 ἆσφ.
1433 2571 1517 2597 cum
1538 2573 1624 2599 mr..

94 2626 179 2654 tum
193 2615 231 2651 in
246 2612 380 2650 ium-”tis
400 2611 453 2655 ἇμ.
474 2622 560 2647 cum
580 2613 626 2650 εἰς
647 2620 694 2649 a„
715 2619 872 2644 tenente
887 2609 935 2644 G.
947 2608 1021 2643 Th.
1035 2619 1184 2645 tantum
1202 2609 1329 2657 obsides
1346 2607 1434 2646 fidei
1447 2609 1625 2659 accipere.

92 2678 177 2703 non
203 2663 294 2701 item
320 2661 416 2698 iuud
437 2660 520 2697 lust.
539 2671 574 2703 7,
594 2668 628 2704 3,
648 2671 681 2694 2.
710 2657 839 2704 obfides
855 2657 896 2693 in
918 2658 1049 2706 pignus
1068 2657 1220 2696 futurae
1243 2658 1345 2708 pacis
1367 2657 1443 2697 dari
1460 2658 1539 2706 sibi
1557 2665 1622 2705 po·

80 2710 260 2766 stulabat.
306 2713 351 2749 ln
381 2710 433 2758 sq.
455 2709 623 2746 membro
646 2706 878 2744 liberrimum
910 2707 947 2741 Ρ.
977 2719 1131 2756 quoque
1157 2706 1294 2747 deserit
1320 2709 1410 2760 Bg..
1443 2708 1486 2747 in
1512 2707 1625 2746 cuiue

91 2780 200 2810 συμμ.
222 2761 274 2800 cf.
297 2771 332 2808 3,
356 2772 388 2804 ι,
411 2764 469 2803 6.,
496 2769 537 2796 et
553 2758 594 2796 in
616 2769 651 2794 v·
671 2756 730 2802 η’γ.
750 2767 820 2806 per
840 2767 965 2805 comp.
985 2767 1024 2805 3,
1043 2771 1081 2806 4.
1105 2769 1160 2804 ¹7·
1183 2769 1219 2796 e.
