1722 3086
108 63 203 121 296
273 63 443 108 LIBER
461 63 512 106 11.
551 62 674 108 CAP.
699 61 766 109 IX.
809 62 859 106 A.
880 64 933 108 V.
956 63 1003 111 C.
1025 66 1136 125 946.
1173 65 1311 112 CHR.
1333 66 1399 112 N.
1427 82 1533 128 193.

113 176 321 248 κςέτοξεί
345 200 390 228 τε
416 176 683 249 οἱπεὸεῒξοα,
700 178 861 238 καὶτῆν
902 203 998 233 rem
1012 186 1296 246 declararent,
1334 201 1378 237 et
1399 192 1641 257 imperium

112 253 256 324 οἱς-’χὴν
287 258 543 326 ἐγχειξιὲοᾳ.
616 252 695 307 ὁδ’
721 265 761 318 ⁰,
803 259 858 312 ὠς
908 279 988 320 17.
1043 266 1084 310 ei
1129 265 1401 313 mandarent.
1495 275 1555 316 At
1607 271 1644 314 is

113 329 228 396 ἔγνω
261 328 336 387 τ’ἢν
361 335 441 382 τῶν
466 335 656 384 Παίονων
675 333 863 402 γνώμην,
903 341 980 389 ubi
1044 345 1256 402 cognovit
1305 346 1643 391 Pannoniorum

114 401 380 474 διέπεμψεΡ
410 410 487 460 καὶ
509 416 566 466 εἰς
579 410 641 461 τοὶ
662 413 868 476 γειτνιῶν-
908 419 1107 476 animos,
1159 417 1273 466 milit
1313 430 1357 466 et
1397 420 1451 466 ad
1481 407 1669 469 vicinas-5

116 505 181 534 τοι
213 486 319 543 ἔθνη
341 499 387 549 q,
428 487 507 537 καὶ
541 485 651 558 πςός
683 487 866 543 πάντας
904 504 1084 556 gentes,
1117 507 1247 559 atque
1266 494 1516 561 praefestos
1541 514 1645 561 gen3

209 631 243 666 ο)
269 628 427 661 Nostrum
445 628 511 662 hoc
530 641 683 670 comma,
707 643 740 662 v.
759 630 807 664 N.
887 634 920 674 p)
945 632 1027 665 Mss.
1048 632 1101 664 Ba.
1121 641 1155 664 et
1171 632 1227 665 Vi.
1244 634 1411 674 διέπεμπε,
1443 633 1502 668 sed
1528 637 1648 674 ’έπεμψε

115 672 152 707 Β.
173 684 205 709 2.
228 674 294 712 al.,
328 686 362 707 v,
382 674 429 708 N.
503 680 537 719 q)
561 678 674 710 colon
693 677 746 709 hic
771 678 804 710 in
826 677 892 710 Ms-
912 680 964 711 Ba.
982 678 1143 711 alienum.

114 799 183 835 per
206 786 327 822 lenem
350 787 410 825 ed.
425 801 453 823 a.
476 791 559 832 Bc„
588 790 669 839 (qui
691 804 771 828 non
791 790 974 828 convenit
992 803 1078 827 cum
1099 791 1161 827 Vs.
1180 793 1284 833 Lat„
1312 804 1351 830 et
1369 806 1413 830 ex
1432 791 1528 829 vitio
1558 804 1647 838 ope.

54 879 56 881 ,
114 848 241 873 rarum
259 846 368 874 ‘ortus
389 838 567 884 videtur.)
590 842 722 878 reditis
750 840 824 877 fert
853 854 880 877 t.
903 841 1058 877 alterum
1083 853 1149 888 per
1170 842 1361 889 asperum.
1397 854 1473 890 quo
1496 842 1542 878 de
1562 854 1648 877 curn

116 897 154 921 v.
174 891 226 923 ἔτ.
245 886 354 931 alibi,
385 887 539 925 liberius
563 890 623 926 hic
642 903 776 939 agente
801 893 860 929 ¹2..
897 892 1010 927 etiam
1033 893 1114 938 Stp.
1139 890 1177 928 in
1201 905 1272 934 m.‚
1301 893 1335 928 h.
1357 893 1381 929 l.
1405 903 1446 929 ut
1463 889 1505 928 fit
1517 891 1563 928 de
1581 890 1650 927 mi-

116 934 273 976 litibus,
314 937 530 984 permittere
552 941 584 977 se
605 939 790 977 voluntati
815 942 939 977 Severi
963 951 1002 977 et
1022 940 1207 987 imperio,
1244 941 1466 989 obsequium
1490 941 1650 988 promit-

117 997 200 1023 tere
233 987 264 1021 ei
298 987 341 1022 ad
371 987 497 1024 omnia
526 1001 565 1026 et
588 1003 673 1027 curn
702 1004 748 1026 eo
779 989 1014 1026 militandum
1044 1002 1172 1027 contra
1196 990 1354 1039 Nigrum
1383 1003 1423 1028 et
1451 991 1650 1032 lulianum.

119 1035 226 1072 cuius
251 1034 335 1072 fidei
357 1038 627 1077 documentum
651 1040 864 1089 adiungitur
887 1039 1004 1076 statim
1026 1053 1044 1076 a
1063 1040 1201 1077 Nostro
1223 1042 1358 1088 duplex
1380 1041 1419 1077 in
1444 1042 1560 1077 titulo
1584 1040 1652 1076 im-

117 1086 304 1134 peratoris
326 1086 414 1124 dato
433 1099 471 1123 et
492 1090 677 1138 dignitate
702 1089 920 1138 potentiave
945 1091 1135 1131 eiusdem,
1166 1090 1228 1126 ubi
1246 1093 1306 1140 ssg.
1327 1091 1364 1127 in
1377 1090 1442 1127 rel.
1466 1091 1546 1128 fere
1565 1103 1649 1127 cum

119 1135 202 1181 Stp.
219 1135 258 1172 in
278 1150 324 1171 m.
341 1161 351 1177 .
387 1139 485 1174 unde
508 1151 546 1176 et
568 1140 651 1176 sch.
672 1139 712 1177 in
739 1145 855 1187 »ἄρῃ
878 1142 1001 1188 imper.
1027 1140 1267 1177 committere
1287 1142 1427 1178 alicui“
1455 1140 1651 1177 ostendens

117 1183 336 1232 suppletum
361 1199 379 1222 a
404 1190 465 1236 ng.
487 1202 593 1236 pron.
615 1193 729 1237 αὐτῷ,
769 1192 873 1238 quod
900 1190 1012 1227 etiam
1040 1189 1265 1237 explendum
1292 1204 1357 1238 per
1377 1202 1450 1226 acc.
1478 1195 1580 1227 αὐτὸν
1609 1189 1651 1225 in

119 1247 167 1283 pr
199 1247 235 1271 v.
255 1240 314 1274 ἀπ.
331 1262 353 1280 ,,
379 1248 421 1273 ut
441 1249 496 1274 ter
516 1238 556 1275 in
578 1241 714 1276 vicinia
737 1240 774 1276 id
801 1253 909 1287 pron.
933 1240 1062 1276 Noster
1083 1240 1323 1288 oppresserit,
1359 1240 1501 1277 varians
1525 1239 1563 1276 in
1589 1245 1652 1278 ἂπ.

118 1296 207 1321 cum
231 1298 263 1325 ι,
289 1295 322 1328 8,
346 1299 378 1328 9.
398 1290 473 1324 αὐτ.
500 1293 639 1331 ἀνεῖπε,
665 1291 746 1333 (ubi
771 1293 832 1338 Bg.
855 1289 1024 1326 adhibuit
1043 1290 1123 1326 Lat.
1144 1289 1243 1326 idem
1259 1316 1270 1333 ‚
1298 1289 1471 1340 ignotum
1485 1290 1652 1337 stp.Th.

119 1346 208 1371 cum
231 1335 392 1372 formula
414 1338 559 1380 Nostri,
587 1351 696 1387 quam
719 1353 740 1375 e
760 1340 851 1376 Phil.
874 1352 904 1374 v.
929 1352 983 1385 ap.
1007 1340 1140 1376 Loesn.
1167 1353 1201 1386 p.
1222 1344 1359 1383 169.m.
1374 1365 1384 1381 ,
1410 1339 1471 1376 sed
1491 1352 1555 1386 per
1569 1341 1649 1376 Lat.

118 1385 188 1433 Bg.
211 1384 249 1421 in
274 1387 352 1423 lnd.
372 1385 488 1423 Dion.
512 1389 599 1429 Ca.,
635 1388 683 1425 cf.
695 1391 782 1426 Krb.
800 1388 887 1425 obs.
909 1390 944 1426 N
974 1390 1022 1424 T.
1052 1389 1144 1424 Bud.
1160 1391 1201 1424 C.
1228 1391 1308 1426 lnd.
1332 1391 1462 1428 Dem.‚
1491 1389 1549 1424 cui
1570 1389 1652 1425 add.

121 1445 183 1480 532
208 1438 280 1479 21.)
304 1446 346 1472 ut
363 1448 446 1473 cum
470 1449 502 1479 2,
516 1441 549 1480 6,
563 1451 597 1483 7.
620 1449 768 1476 tantum
789 1439 831 1475 in
851 1438 985 1475 ordine
1003 1450 1042 1475 et
1061 1449 1233 1486 tempore
1256 1451 1312 1481 v.‚
1342 1438 1406 1476 ubi
1426 1438 1507 1484 Stp.
1531 1439 1651 1483 Th.4,

121 1495 207 1530 450.
223 1498 255 1520 e.
275 1484 366 1521 hinc
385 1486 461 1523 sine
482 1489 545 1525 Vs.

169 1533 189 1571 ὅ
211 1534 254 1579 δ’)
282 1535 424 1572 Eodem
447 1537 544 1581 redit
560 1539 737 1580 tandem,
763 1549 889 1574 utrum
913 1538 991 1584 post
1012 1541 1048 1575 δὲ
1067 1536 1262 1573 nobiscum
1287 1536 1543 1585 interpungas,
1569 1546 1611 1572 ut
1635 1540 1651 1573 ὅ

120 1585 323 1621 cohaereat
341 1598 425 1622 cum
440 1587 496 1634 sq.
521 1588 679 1624 membri
701 1601 734 1623 ν.
761 1591 846 1625 διεπ.
861 1613 870 1628 ,
895 1600 941 1623 an
963 1587 1041 1623 line
1059 1598 1243 1622 commate
1264 1591 1280 1622 ὁ
1302 1587 1453 1634 copules
1467 1598 1548 1621 cum
1568 1598 1654 1632 pro-

121 1631 227 1671 ximo
248 1647 279 1672 v.
306 1639 381 1679 ἐγ-,
415 1638 519 1683 quod
541 1637 580 1672 P.
600 1637 752 1679 fecerit,
789 1648 1003 1684 quanquam
1027 1649 1135 1684 pront
1155 1641 1171 1672 ὁ
1193 1635 1385 1682 oppreffo,
1427 1634 1524 1670 nihil
1547 1646 1588 1672 ut
1611 1635 1655 1671 li-

121 1695 238 1730 queat
256 1683 302 1719 de
326 1688 411 1733 Bg.,
444 1687 513 1733 ,qui
545 1686 717 1723 ordinem
741 1699 864 1722 tamen
891 1686 1072 1734 relinquit
1090 1687 1129 1721 in
1154 1690 1197 1727 ὡς
1218 1684 1442 1731 postpofico,
1473 1686 1594 1732 (quod
1615 1695 1656 1721 et
1682 1682 1683 1687 ¹

120 1734 202 1769 Lat.
218 1733 400 1779 solenne.)
423 1747 462 1775 at
482 1737 521 1772 in
541 1735 591 1784 sq.
614 1751 668 1781 γυ,
693 1738 788 1782 plur.
814 1747 920 1771 tenet
938 1750 959 1772 e
980 1737 1017 1772 Ρ.
1031 1762 1042 1779 ,
1083 1747 1126 1772 ut
1145 1736 1306 1771 variatur
1324 1745 1517 1781 cuma-3,
1539 1747 1570 1779 5.
1589 1750 1655 1779 μα-

123 1785 199 1822 θεῖν
216 1792 275 1825 τὴν
295 1799 346 1828 ’γν-
369 1797 408 1820 et
428 1799 462 1825 2,
485 1799 519 1829 7,
540 1799 573 1832 4.
590 1799 641 1822 m.
669 1783 868 1829 αἰσθόμενος
889 1794 947 1827 τῆς
964 1801 1038 1830 γν.,
1072 1785 1134 1821 sed
1155 1783 1223 1821 soli
1247 1794 1502 1820 memorantur
1525 1795 1652 1825 nunu..

120 1845 204 1869 non
227 1833 363 1869 iterum
383 1834 499 1882 illyrii
519 1833 623 1872 limul
639 1859 649 1876 ,
674 1848 716 1872 ut
732 1835 769 1882 ᾧ.
793 1848 842 1876 ι.,
871 1833 969 1871 forte
989 1845 1033 1871 ut
1058 1834 1267 1882 principes,
1306 1847 1345 1870 et
1364 1833 1410 1870 ad
1433 1846 1529 1882 quos
1549 1846 1654 1883 prae·
1678 1865 1681 1868 ,

122 1880 266 1920 sectura
289 1884 416 1920 Severi
440 1885 641 1933 praecipue
663 1884 910 1933 pertinuerit,
939 1884 987 1920 cf.
1010 1885 1043 1933 §.
1066 1898 1096 1920 2.
1508 1903 1510 1905 >

177 1935 358 1978 διέπεμψε)
386 1933 476 1970 Edd.
497 1933 649 1983 fimplex
667 1935 785 1971 fuerit
803 1947 845 1970 ex
863 1947 1059 1981 operarum
1081 1933 1198 1976 vitio,
1226 1944 1269 1970 ut
1288 1933 1389 1970 aliud
1400 1934 1488 1970 Mss.
1504 1943 1654 1981 tempus

123 1994 148 2018 e
170 1982 271 2028 lapsu
291 1983 331 2020 in
361 1983 519 2026 litteris,
553 1998 638 2020 cum
661 1987 735 2023 Ms.
759 1986 827 2020 Ve.
849 1993 1000 2020 maneat
1031 1984 1067 2019 in
1094 1985 1219 2032 vulg...
1260 1995 1410 2020 tacente
1435 1982 1581 2030 prorsus
1603 1984 1656 2026 Ρ,
1692 2000 1695 2005 v

123 2031 192 2070 sed
216 2033 300 2068 Sch.
328 2033 455 2073 „milit
473 2035 555 2070 hinc
574 2035 656 2070 inde
677 2034 882 2082 adgentes,
915 2032 1157 2081 (respiciente
1179 2032 1514 2079 praepositionem,
1549 2031 1598 2068 cf.
1622 2045 1655 2074 2,

124 2094 162 2122 2,
188 2094 244 2128 4.‚
282 2082 385 2119 secus
405 2095 445 2118 ac
464 2085 522 2131 Bg.
547 2097 568 2120 e
588 2087 669 2131 Stp.
690 2097 739 2119 rn-
754 2109 764 2124 ,
801 2083 862 2119 sed
885 2082 1081 2119 nobiscum
1109 2082 1271 2118 faciente
1293 2082 1348 2125 in)
1367 2087 1449 2129 ἃςχ.
1475 2081 1657 2130 praefides

117 2132 428 2182 p³·ovincim·am“
459 2145 525 2179 pro
545 2146 619 2180 quo
638 2136 698 2183 ssg.
722 2133 762 2169 in
781 2136 848 2171 ἐθν.
869 2145 954 2169 cum
974 2133 1013 2168 P.
1035 2143 1072 2168 et
1090 2134 1168 2180 δερ.
1184 2145 1254 2174 m.‚
1285 2131 1346 2168 sed
1365 2145 1407 2169 nt
1425 2133 1510 2168 Sch.
1530 2133 1655 2169 verius

125 2179 171 2218 fit
194 2194 237 2219 ex
258 2180 438 2218 adiunctis
457 2190 520 2220 τῶν
541 2181 584 2220 Ῥ.
606 2187 719 2226 aava„
748 2183 914 2218 variante
935 2181 1070 2217 Nostro
1091 2194 1176 2218 cnm
1188 2180 1219 2229 §.
1239 2194 1290 2217 12.
1307 2195 1352 2216 m.
1374 2190 1427 2228 ςρῑ
1448 2179 1502 2223 κα.)
1520 2187 1574 2226 ἧγ
1590 2193 1675 2228 per.

124 2243 244 2267 unum
272 2236 377 2277 &m.‚
415 2231 517 2278 quod
550 2231 727 2279 peculiari
754 2232 822 2268 hac
851 2231 887 2267 vi
920 2244 988 2278 pro
1012 2231 1173 2278 praeside
1208 2231 1482 2278 provinciarum
1508 2231 1657 2280 ignorat
1698 2267 1700 2270 ,

122 2282 205 2327 Stp.
229 2281 324 2323 Th„
359 2280 408 2317 cf.
429 2281 474 2317 ad
492 2282 606 2318 Dion.
633 2284 694 2319 Ca.
721 2294 756 2328 p.
776 2285 860 2324 706.
887 2293 926 2317 et
945 2281 1034 2317 Krb.
1055 2283 1163 2318 Decr.
1186 2281 1228 2317 R.
1253 2279 1381 2327 p.lud.
1406 2293 1440 2328 p.
1458 2284 1564 2324 267.‚
1588 2279 1656 2326 qui

125 2343 165 2366 et
187 2329 226 2365 in
248 2333 287 2367 L.
307 2331 354 2367 N.
378 2333 426 2368 T.
456 2330 582 2367 reddit
613 2344 678 2378 per
701 2333 781 2368 Lat.
803 2332 890 2379 Bg..
931 2330 1108 2379 ignotum
1127 2333 1207 2378 Stp.
1229 2330 1304 2366 Th.
1319 2355 1330 2372 ,
1361 2340 1405 2367 'et
1432 2342 1487 2378 ap.
1510 2330 1558 2367 G.
1577 2331 1654 2365 Th.
1677 2344 1702 2370 ,ι

126 2392 212 2417 cum
233 2380 317 2417 Grr.
343 2381 409 2421 al..
446 2393 517 2417 nec
539 2381 578 2416 in
601 2380 706 2417 sensu
727 2381 822 2422 hoc,
850 2379 896 2415 cf.
920 2392 1002 2422 2,7.
1022 2391 1056 2424 7.
1078 2392 1116 2416 et
1142 2393 1196 2422 ¹4·
1248 2380 1445 2416 Caeterum
1461 2378 1658 2428 ssg.omifit
1699 2389 1702 2416 ξ

125 2441 250 2477 praep.
274 2446 334 2477 πρ.
355 2431 404 2466 ob
419 2431 506 2478 syn.
528 2443 579 2478 pr.
601 2435 669 2472 εἷς,
700 2430 802 2467 secus
823 2430 952 2476 acStp.
973 2428 1012 2465 in
1026 2442 1096 2471 m.‚
1124 2429 1188 2466 ubi
1203 2428 1243 2465 in
1255 2428 1397 2466 Gr.uni
1415 2440 1445 2464 v.
1470 2432 1555 2466 διεπ.
1570 2430 1656 2465 data
1694 2442 1702 2451 ’ν

126 2479 179 2516 est
201 2480 336 2527 duplex
358 2492 482 2526 praep.
508 2492 592 2516 cum
616 2477 830 2515 discrimine
850 2480 1013 2526 quodam
1029 2505 1039 2523 ‚
1079 2489 1117 2516 et
1139 2485 1185 2522 εἷς
1208 2478 1360 2526 quidem
1383 2490 1468 2514 cum
1496 2478 1656 2514 nomine

127 2529 298 2566 locorum
315 2553 325 2571 ,
362 2529 422 2565 sed
447 2544 507 2575 πς.
530 2541 613 2565 cum
635 2541 737 2566 nom.
759 2528 997 2575 personarum
1012 2554 1022 2569 .
1053 2528 1117 2565 ubi
1139 2527 1313 2576 procedit
1333 2527 1468 2575 duplex
1491 2526 1656 2564 etiamin

126 2579 208 2616 Lat.
231 2579 315 2615 Scb.
335 2580 374 2614 in
395 2578 610 2627 provincias
631 2589 665 2614 et
688 2578 732 2614 ad
747 2577 871 2626 praef.
923 2577 996 2614 Sed
1011 2580 1072 2626 Bg.
1098 2589 1317 2625 praetereac
1331 2579 1368 2614 P.
1388 2577 1572 2625 opprimit
1584 2575 1654 2612 adi.
1701 2575 1705 2587 '

127 2645 227 2666 amur.
241 2653 251 2669 .
280 2628 426 2670 nescio,
452 2640 498 2663 an
525 2626 690 2664 offensus
709 2627 941 2676 negligentia
958 2627 1081 2664 Nostri
1101 2639 1200 2676 grata
1218 2627 1258 2664 in
1280 2637 1336 2664 ter
1353 2625 1531 2676 deinceps
1551 2639 1659 2675 repe·

128 2678 247 2716 tendo
267 2678 339 2716 adi.
362 2677 521 2721 eodem,
548 2677 654 2727 quod
673 2688 800 2716 tamen
821 2676 912 2714 olim
934 2675 1161 2715 restituetur.
