1717 3082
74 117 246 164 LIBER
267 118 322 162 II.
357 118 614 164 CARXHI.
645 121 698 163 A.
726 120 778 164 V.
804 118 853 163 C.
876 115 996 172 946.
1032 119 1171 165 CHR.
1196 119 1260 162 N.
1283 131 1399 175 193.
1444 131 1545 186 415

40 231 290 295 „batavos-05
312 242 346 265 ¹¹¹
382 232 561 296 σημείου
594 228 695 278 dvo*
721 231 795 284 τῆς
829 231 931 282 urhe
1011 232 1191 300 lapidem
1263 233 1553 305 conspicietur.

42 305 231 373 ,,Ῥῶμης
257 308 456 371 φανείη.“
531 308 694 355 Ταῦτα
728 324 793 353 κε-
840 325 918 368 19.
977 315 1102 360 Haec
1155 329 1255 359 cum
1308 313 1553 379 praecepis-

0 388 1 435 ἱ
35 381 282 438 >ledo-arros
304 383 455 442 αὐτοῦ,
477 376 787 451 πξοσδξοιμόν-
823 386 883 434 set
940 388 1055 453 ipse,
1116 401 1350 437 accurrunt
1405 391 1551 454 Illyri-

0 559 2 604 >
123 512 174 557 m)
199 515 283 546 Mss.
301 511 354 544 Ba.
373 521 409 543 et
427 512 490 544 Ve.
507 513 608 546 'dnus-oe
622 513 675 544 τοῦ
695 523 764 550 cnm.
787 520 820 542 v.
840 510 887 544 N.

33 623 97 670 (ad
118 635 276 672 quorum
297 624 462 671 analog.,
495 634 539 658 ut
569 634 607 660 et
627 625 704 660 Lat.
735 622 796 658 hic
822 621 1032 669 scribatur.)
1052 624 1146 660 Xen.
1165 624 1219 661 M.
1244 625 1280 661 S.
1301 633 1340 660 et
1359 623 1466 661 Bach.
1487 626 1550 663 Rs.

34 675 102 709 Or.
127 674 171 708 V.
189 684 225 716 7.
243 674 332 709 Ant.
351 671 411 709 sed
429 684 513 707 cum
536 672 629 709 ἕνεκα
649 673 694 709 ib.
717 674 760 708 V.
781 676 812 707 6.
842 673 880 708 it.
901 673 993 708 Xen.
1017 674 1103 721 Cyr.
1124 674 1187 710 ubi
1209 685 1246 710 et
1267 686 1350 710 cum
1368 687 1442 710 acc.
1458 673 1551 721 pers.

35 721 82 758 cf.
102 722 189 758 Luc.
210 720 315 758 Isocr.
332 722 418 757 Pan.
434 722 527 757 Mor.
540 748 550 764 ,
576 722 638 769 qui
662 733 702 758 et
720 720 823 757 fimul
842 723 952 757 habet
969 735 1051 758 cum
1074 723 1152 758 adv.
1167 748 1177 765 ,
1201 735 1244 760 ut
1262 722 1365 759 fimul
1379 735 1462 758 cum
1475 725 1550 759 dat.

34 771 89 808 rei
115 771 204 808 Poff.
227 770 321 807 Call.
342 782 380 808 et
398 771 514 818 Soph.
533 771 590 807 Ai.
604 796 614 813 ‚
650 783 726 818 quo
746 780 784 806 et
804 770 972 817 pertinet
991 772 1159 807 eiusdem
1180 784 1265 808 cum
1283 785 1355 807 acc.
1379 771 1550 819 clliptico

35 833 91 868 pr.
111 825 202 858 κατὰ
217 844 227 860 ,
254 832 339 856 cum
361 832 435 857 acc.
455 820 506 855 rei
531 831 569 855 et
588 820 668 856 adv.
690 821 800 861 Luc.,
828 831 910 854 cum
932 832 964 856 ν.
985 825 1205 866 τιμωρεῖσθαι,
1222 822 1332 858 Dem.
1352 823 1432 859 Ael.
1457 823 1499 856 V.
1512 822 1551 858 h.

33 881 73 905 et
93 869 182 905 Pon:
205 870 317 910 Can..
350 880 432 906 tum
462 868 546 916 pass‘.
578 869 744 906 abiolute
763 869 802 904 L.
823 869 871 904 N.
893 869 938 904 T.
955 894 966 911 ,
1008 882 1092 905 cum
1121 871 1291 920 particip.
1311 873 1404 908 Xen.
1425 871 1551 913 Bach..

33 930 119 956 cum
138 930 212 954 acc.
237 917 407 966 elliptico
430 930 483 965 pr.
503 924 594 956 κατὰ
615 920 705 964 (τί-,ια
723 915 864 964 τρόπον)
885 917 971 954 Luc.
987 943 997 960 ‚
1025 918 1088 956 ubi
1109 929 1148 954 et
1167 931 1251 955 cum
1271 922 1351 956 adv,
1365 933 1406 955 ex
1421 932 1452 960 ι,
1467 929 1553 967 ς33;

32 968 60 1004 l.
83 971 140 1004 66.
162 978 202 1004 et
218 969 306 1005 loco
325 968 376 1004 ib.
396 967 486 1008 ult.‚
519 969 566 1004 cf.
587 969 726 1008 Thuc„
762 967 824 1003 ubi
847 978 885 1002 et
905 979 990 1003 cum
1011 980 1065 1014 pr.
1083 973 1114 1005 ἐν
1136 980 1174 1006 et
1194 971 1266 1008 διὰ,
1303 969 1344 1004 it.
1364 981 1450 1006 cum
1474 974 1549 1010 dat.

34 1017 108 1059 rei,
145 1016 194 1053 cf.
215 1019 355 1065 Lyco..
390 1028 434 1053 ur
453 1030 538 1053 cum
558 1030 610 1064 pr.
632 1015 697 1053 ὁτὲ
718 1016 808 1053 ΡοΠῖ
829 1016 919 1051 Call.
938 1029 976 1051 et
997 1019 1056 1052 Fa.
1077 1019 1160 1052 Aes.
1177 1042 1188 1058 ,
1216 1019 1278 1054 ubi
1302 1030 1434 1054 etcum
1446 1023 1552 1063 κατὰ,

32 1078 77 1102 ur
96 1068 135 1103 in
155 1078 234 1103 rem
261 1065 426 1102 criticam
447 1068 589 1102 D'Orv.
611 1068 705 1106 Ch..
742 1066 803 1101 sed
825 1065 1030 1112 improprie
1058 1065 1125 1102 act.
1149 1066 1194 1102 de
1213 1066 1330 1113 pers.,
1362 1080 1446 1104 cum
1475 1078 1552 1104 acc.

34 1115 88 1152 rei
107 1117 235 1162 Toup.
254 1114 299 1150 ad
318 1114 421 1152 Suid.
444 1118 482 1152 Ρ.
508 1128 538 1152 1.
560 1126 598 1151 et
616 1114 717 1151 Foes.
739 1116 856 1155 Oea,
883 1114 943 1149 sed
962 1115 1008 1150 de
1031 1128 1092 1157 re,
1130 1128 1213 1152 cum
1242 1129 1313 1151 acc.
1346 1117 1437 1163 pers.
1455 1118 1552 1154 Xen-

33 1166 142 1213 Cyr.,
184 1175 229 1200 ut
260 1164 343 1212 pals.
365 1166 461 1201 xen.
482 1164 587 1202 Bach.
617 1165 700 1200 Ael.
725 1165 768 1200 V.
789 1163 824 1198 h.
855 1174 893 1198 et
914 1162 1071 1212 Longin.
1091 1165 1213 1206 Mor.,
1255 1165 1419 1215 denique
1451 1165 1553 1203 med.

33 1213 186 1263 proprie
207 1213 253 1251 de
275 1213 365 1261 pers.
387 1226 474 1251 cum
492 1214 573 1251 adv.
596 1226 635 1251 et
664 1225 740 1249 acc.
767 1211 858 1261 pers.
878 1213 920 1248 L.
943 1213 993 1249 N.
1019 1214 1083 1256 f..
1117 1213 1180 1250 sed
1208 1214 1414 1263 improprie
1435 1217 1482 1254 de
1509 1227 1552 1252 re

32 1275 117 1300 cum
137 1275 208 1300 acc.
233 1264 284 1300 rei
306 1263 409 1299 Foes.

81 1312 247 1351 ἕκατοςοῦ
261 1315 360 1357 σημ.)
391 1312 488 1348 Ven.
512 1311 647 1349 vitiose
667 1310 786 1354 ἔκαε-ος
806 1313 867 1349 τοῦ
886 1325 917 1348 a.
939 1311 1078 1348 Stroth.
1106 1325 1126 1348 e
1147 1312 1321 1360 separatis
1341 1312 1485 1361 syllabis
1503 1313 1551 1351 ab

31 1361 168 1403 initio,
199 1361 334 1409 quibus
356 1361 496 1399 deinde
525 1372 700 1398 accentus
729 1362 924 1401 accessere,
959 1374 999 1397 er
1027 1361 1132 1399 fimul
1149 1375 1194 1399 ex
1221 1375 1348 1398 errore
1375 1365 1414 1399 in
1433 1379 1455 1399 τ
1475 1377 1512 1399 et
1529 1379 1550 1404 ς

32 1411 194 1452 iterum,
220 1409 268 1447 cf.
289 1412 321 1458 §.
346 1421 425 1458 13.,
450 1412 567 1448 libere
586 1412 667 1447 adV.
690 1411 750 1446 hic
770 1410 923 1458 aliquod
942 1410 1104 1446 addente
1125 1414 1181 1453 P..
1209 1425 1229 1447 e
1248 1424 1324 1459 quo
1338 1413 1553 1448 Scl1.servat

33 1459 146 1498 etiam
169 1460 238 1497 fut.
259 1462 301 1498 ad
321 1469 358 1506 φ.
385 1462 485 1506 (cum
508 1462 593 1508 Bg„
620 1472 734 1506 quem
753 1461 869 1496 miror
889 1459 948 1506 hjc
979 1471 1058 1496 non
1076 1460 1263 1497 imitatum
1287 1463 1351 1499 Gr.
1375 1462 1553 1498 consecu-

32 1509 180 1546 tionem
200 1510 385 1556 temporis
404 1522 468 1557 per
485 1509 672 1546 coniunst.
697 1510 808 1557 praes.
827 1509 1085 1556 conspiciatur,
1113 1522 1222 1558 quem
1247 1521 1284 1546 et
1305 1512 1466 1558 requirit
1486 1523 1552 1547 an·

33 1560 210 1595 recedens
231 1558 383 1607 obliqua
405 1571 469 1606 per
487 1559 552 1595 inf.
574 1558 725 1603 oratio,)
748 1560 809 1595 led
831 1558 868 1593 in
896 1573 1006 1602 „mm
1026 1558 1123 1595 intra
1143 1560 1383 1596 centesimum
1404 1561 1552 1597 aRoma

32 1606 218 1655 lapidem,
248 1607 284 1643 h.
300 1620 334 1645 e.
363 1618 431 1644 100
452 1608 636 1644 milliare“
665 1606 728 1645 ubi
749 1608 890 1644 retinet
903 1619 1026 1654 praep.
1040 1621 1122 1644 cum
1142 1620 1243 1644 nom.
1259 1622 1379 1656 propr.
1396 1610 1551 1651 Romae,

35 1666 207 1692 mutante
225 1657 287 1704 Bg.
305 1669 326 1691 e
348 1657 382 1691 P.
414 1657 451 1693 id
478 1658 614 1692 iterum
642 1656 680 1692 in
708 1656 998 1703 appellativum,
1035 1668 1078 1693 ut
1100 1657 1132 1704 §.
1154 1656 1200 1699 i..
1232 1657 1307 1694 fine
1327 1659 1550 1699 neeeffitate,

36 1715 123 1739 cum
144 1715 184 1740 et
201 1702 262 1738 hic
281 1706 454 1751 procedat
475 1717 598 1751 praep.
611 1729 621 1744 ‚
653 1706 699 1739 cf.
716 1708 763 1740 G.
784 1705 859 1740 Th.
879 1717 912 1739 v.
937 1708 1005 1751 lap.
1025 1705 1099 1742 fine
1113 1707 1178 1742 Gr.
1197 1708 1266 1743 Nr.
1283 1720 1316 1752 4.
1341 1709 1551 1755 „lapidibus

37 1765 95 1799 ap.
114 1763 262 1789 veteres
280 1760 344 1797 (ut
361 1764 400 1789 et
419 1765 489 1788 nos
508 1753 636 1796 hodie)
657 1751 807 1789 miliaria
827 1753 1069 1800 fignabantur.
1123 1755 1265 1791 ldcirco
1287 1757 1378 1802 lapis
1401 1769 1468 1803 pro
1482 1754 1551 1792 mi-

33 1801 140 1839 liario
161 1799 326 1848 ponitur.
348 1822 388 1829 ·-
410 1802 492 1848 Ulp.
508 1822 544 1829 -
560 1801 623 1848 sed
637 1802 721 1844 etſs
737 1801 828 1848 quid
855 1804 959 1836 intra
985 1801 1225 1840 centesimum
1257 1805 1459 1841 miliarium
1485 1807 1552 1842 ad-

33 1848 227 1899 mgffiemfit
241 1865 252 1885 .·
280 1851 332 1886 ad
342 1851 563 1899 praefeHum
586 1852 666 1886 urbi
686 1852 863 1897 pertinet;
891 1850 912 1885 fl
935 1851 1032 1885 ultra
1052 1852 1166 1898 ipsum
1181 1853 1346 1901 lapidem,
1369 1865 1441 1890 etc.
1462 1857 1551 1900 (un-

37 1902 83 1938 de
102 1900 214 1936 etiam
234 1899 312 1935 Lat.
334 1900 512 1947 quaedam
541 1899 602 1934 hic
622 1899 745 1934 Nostri
774 1910 985 1945 compareat
1015 1899 1054 1936 in
1077 1907 1141 1938 ἐπ.
1162 1913 1244 1938 cum
1263 1907 1359 1948 σημ.)
1385 1904 1475 1941 Tac,
1495 1904 1550 1939 el..

33 1947 187 1997 liptice.
223 1949 275 1984 ad
285 1950 518 1985 duodecimum
537 1961 555 1983 a
579 1950 771 1988 Cremona,
797 1949 844 1984 sc.
865 1948 1058 1995 lapidem“
1085 1952 1145 1986 Sb.
1168 1951 1247 1988 lnd.
1262 1953 1388 2000 (quem
1401 1964 1434 1987 v.
1455 1964 1490 1989 et
1508 1953 1550 1989 in

35 1999 116 2034 Lat.
136 1998 232 2042 mile)
251 2011 272 2033 e
292 1997 402 2044 Xiph.
425 2009 464 2034 et
482 1998 582 2034 Eutr.
604 1998 698 2034 Met.
730 2002 898 2042 ,,σημεῖα,
926 1997 1041 2039 milia,
1065 2017 1101 2025 -
1127 2001 1252 2037 Latini
1280 2013 1413 2038 vocant
1435 2003 1549 2039 etiam

33 2047 187 2094 lapides,
224 2046 423 2083 miliarium
440 2046 580 2083 scilicet
598 2046 767 2082 indices«
795 2047 834 2082 it.
858 2048 938 2094 Stp.
953 2048 1025 2083 Th.
1051 2058 1083 2093 3,
1105 2052 1189 2092 768.
1215 2051 1253 2088 F.
1271 2063 1303 2086 e.
1325 2050 1550 2090 „milliario-

33 2109 115 2134 rum
143 2107 294 2144 quoque
323 2106 436 2132 notae
466 2096 489 2132 s.
514 2096 611 2144 signa
641 2099 762 2139 σημεῖα
793 2095 980 2132 dicuntur.
1042 2098 1156 2134 Erant
1176 2110 1307 2134 autem
1338 2098 1364 2135 ii
1392 2100 1549 2147 lapides.

33 2144 139 2183 mille
160 2144 323 2191 passuum
342 2145 458 2190 spatio
480 2158 497 2180 a
519 2146 555 2180 se
574 2145 733 2180 invicem
754 2144 986 2186 distantes,-—
1005 2147 1161 2182 Herodi.
1184 2149 1206 2182 Ι.
1220 2161 1251 2183 2.
1274 2154 1417 2194 εἰ-φ-,
1444 2151 1553 2188 ιἠινι4

33 2194 276 2231 centesimum
294 2194 532 2230 milliarium«
561 2205 599 2229 et
620 2193 756 2230 deinde
773 2207 793 2230 e
815 2194 874 2234 1³..
901 2194 962 2230 sed
981 2206 1124 2231 tantum
1149 2207 1335 2243 praeterea
1352 2199 1483 2234 ePlut.
1508 2209 1550 2235 et

34 2243 225 2281 Iustinian.
249 2243 290 2279 in
310 2243 459 2279 Paraen.
475 2268 486 2283 ,
519 2255 557 2279 at
576 2244 678 2278 Suid.
700 2252 733 2288 3,
758 2247 880 2288 367.e.
900 2248 1038 2286 σημεῖα,
1066 2251 1174 2288 utam,
1200 2246 1386 2285 mllliaria,
1413 2247 1551 2293 ilfignae

33 2293 263 2334 milliarium,
294 2293 482 2340 quierant
502 2293 655 2339 lapides,
685 2291 760 2328 fine
779 2292 888 2333 loco;
924 2303 968 2328 ut
997 2304 1036 2329 et
1062 2296 1135 2329 hoc
1161 2294 1200 2330 in
1225 2296 1352 2330 vocab.
1380 2295 1423 2331 fit
1447 2291 1550 2334 forte

34 2341 175 2390 aliquid
197 2353 317 2377 novae
338 2339 431 2383 Gr...
460 2353 503 2377 ex
522 2342 585 2376 usu
607 2341 735 2382 Rom..
769 2341 816 2377 cf.
836 2342 972 2377 Graev.
996 2343 1068 2380 Th.
1088 2344 1135 2378 T.
1152 2356 1206 2382 10.
1227 2357 1260 2390 p.
1277 2356 1358 2386 502.
1373 2346 1424 2391 sq.

84 2384 205 2428 ταῦτ-κ’
218 2391 369 2435 araeve.)
396 2389 483 2426 Non
507 2389 625 2424 servat
645 2390 728 2425 Sch.
763 2403 783 2426 e
802 2391 841 2426 P.
868 2391 1019 2427 liberam
1045 2391 1262 2434 formulam,
1297 2405 1422 2439 parem
1450 2393 1550 2435 adv..

35 2438 76 2476 in
99 2452 133 2475 v.
162 2454 247 2485 υπς’.
268 2450 383 2485 quum
401 2439 661 2486 accurrgffentt‘
688 2441 788 2487 quod
807 2441 870 2486 Bg.
889 2452 944 2487 ap.
960 2442 1007 2476 G.
1026 2441 1100 2476 Th.
1119 2453 1201 2477 curn
1214 2444 1277 2477 (ιτ.
1295 2453 1331 2476 n.
1352 2454 1390 2478 et
1400 2454 1457 2489 ap.
1470 2447 1548 2490 Stp.

37 2487 110 2526 Th.
133 2488 304 2529 aliunde,
338 2485 387 2525 cf.
407 2488 447 2523 L.
464 2488 512 2524 N.
533 2490 580 2524 T.
602 2487 683 2524 lnd.
705 2489 811 2524 Dem.
834 2489 926 2524 The.
949 2489 1004 2525 Fi.
1026 2501 1064 2525 et
1083 2491 1172 2526 Luc.
1223 2490 1296 2525 Sed
1317 2490 1354 2525 in
1373 2496 1404 2527 οἱ
1422 2492 1548 2537 ’lamp

36 2537 136 2584 vulg.
156 2537 274 2573 servat
291 2547 374 2572 cum
396 2537 470 2573 Ms‘.
491 2537 560 2574 Ve.
576 2535 687 2572 etiarn
707 2537 745 2572 P.
759 2563 770 2579 ‚
805 2547 845 2574 et
867 2550 931 2585 per
950 2537 1028 2585 syn.
1048 2539 1159 2575 etiarn
1180 2541 1243 2588 Bg.
1257 2563 1267 2581 ,
1295 2538 1343 2574 cf.
1364 2552 1397 2580 2,
1412 2551 1467 2582 ιι,
1492 2549 1547 2581 18.

37 2597 73 2628 2,
93 2595 126 2628 8,
154 2598 208 2622 12.
230 2597 269 2621 et
293 2594 346 2627 18.
378 2584 417 2620 it.
442 2586 557 2631 Spart.
585 2586 622 2620 in
643 2588 724 2622 Sev.
748 2599 779 2622 c.
799 2597 829 2630 5.
849 2599 884 2634 p.
900 2598 980 2630 597.
999 2587 1065 2631 l.4.
1120 2591 1171 2623 At
1193 2588 1231 2623 in
1253 2589 1369 2624 altero
1390 2589 1464 2625 Ms.
1485 2591 1547 2627 Ba.

35 2646 142 2671 error
163 2634 213 2670 est
228 2633 365 2670 librarii
384 2634 422 2669 in
440 2646 597 2671 accentu
618 2646 656 2671 et
677 2635 863 2676 themate,
899 2646 942 2672 ut
962 2646 1002 2672 et
1027 2636 1114 2676 alias
1133 2636 1422 2673 confunduntur
1444 2645 1545 2683 αἱςέω

36 2689 76 2720 e't
101 2683 208 2730 αἴρω,
243 2695 277 2718 ν.
300 2682 450 2730 VVyttb.
474 2684 569 2719 Plut.
597 2683 642 2718 de
661 2686 723 2719 ier.
747 2697 784 2720 n.
814 2696 847 2720 v.
878 2697 913 2732 p.
933 2693 964 2724 8.
986 2698 1039 2726 e.,
1077 2698 1162 2721 cum
1191 2685 1356 2722 nesciant
1381 2688 1547 2734 compos.

32 2738 210 2779 κεραίρειν
231 2733 272 2771 L.
293 2731 379 2769 Em.
398 2742 438 2770 et
457 2734 539 2781 Stp.
560 2732 632 2769 Th.
645 2757 657 2774 ,
694 2733 759 2782 qui
777 2733 818 2771 in
837 2732 955 2770 altero
975 2733 1142 2772 themate
1165 2734 1255 2771 hinc
1269 2734 1380 2772 habet
1393 2734 1467 2773 fine
1482 2738 1544 2774 Vs.
