1717 3082
135 159 315 211 LIBER
333 163 405 210 ιν.
437 164 686 212 οΑΡ.νιῐῙ.
717 166 768 213 A.
786 165 842 213 v,
864 165 910 214 c.
930 172 1041 229 968.
1069 167 1208 216 CHR.
1220 170 1282 216 N.
1299 187 1321 220 2
1337 185 1408 235 15.
1466 184 1502 256 ⁴9
1519 190 1541 234 ς
1564 193 1582 226 ι

67 278 351 332 ’κτισθεῖσαν
372 277 519 340 πόλιν,
553 283 628 331 καὶ
651 281 712 346 τῷ
734 281 827 348 9εῷ
862 290 1029 337 xandro
1052 291 1173 338 urbis
1194 292 1417 351 videndae,
1447 307 1491 344 et
1512 298 1586 346 de-

69 354 378 427 χςῆσασθοιι,
416 352 457 404 ὃν
492 358 644 404 ἐκεῖνοι
673 356 826 418 σέβου·
862 382 939 412 um
962 367 1236 426 consulendi,
1267 387 1398 433 quem
1429 373 1584 423 illive-

69 497 126 536 hil
148 497 222 534 tale
243 495 291 533 de
316 495 399 532 Lac.
428 495 629 542 deficiens-e
652 509 735 534 cum
759 497 884 546 aliquo
915 510 986 536 acc.
1017 501 1089 538 loci
1119 502 1351 542 edicenribus
1380 506 1426 543 G.
1446 508 1520 545 Th.
1542 521 1582 549 et

69 546 179 587 Indd.
231 545 303 583 Sed
329 547 367 582 in
385 544 536 582 alteram
557 558 633 581 rem
653 546 750 582 idem
767 549 942 585 Strothus
962 546 1001 586 in
1023 552 1070 587 Ν.
1084 552 1169 588 Chr.
1197 555 1435 593 „conjiceret
1455 558 1580 597 forsan

99 597 158 633 uis
175 595 233 634 ὁπ’
249 595 488 641 Ἀλεξάνδρον,
512 591 574 630 sed
596 593 691 631 nihil
712 598 929 634 mutandum
951 600 1009 634 est.
1062 602 1139 637 l’ol.
1161 602 1276 639 vertit
1292 605 1337 639 ab
1358 607 1581 653 Alexandro,

70 609 134 684 ssed
155 658 191 680 v,
213 644 294 694 Vig.
318 645 343 680 l.
368 645 423 680 l.“
454 642 517 680 ubi
540 656 577 691 p.
595 647 678 690 σος.
702 645 725 681 i.
754 645 1039 686 „Alexandriam
1064 651 1249 699 profez‘i'us
1271 654 1318 700 est
1348 654 1419 690 hoc
1452 659 1580 701 colore,

70 693 177 745 quod
194 693 266 731 eius
288 692 410 734 urbis,
437 706 525 742 quae
545 705 628 729 cum
648 695 852 730 Alexandri
871 697 1022 734 nomine
1046 701 1185 736 condita
1211 696 1318 743 effer,
1340 703 1506 750 defiderio
1526 715 1582 744 te-

69 754 232 782 neretur.
281 742 359 780 Alii
387 742 433 778 ab
462 744 694 785 Alexandro,
720 744 781 780 alii
804 756 979 793 regnante
1008 749 1244 784 Alexandr0<‘
1276 763 1368 796 quae
1392 753 1430 790 in
1459 757 1505 792 Ν,
1531 758 1578 794 ab

70 795 201 842 Hoog.
220 792 494 841 improbantur,
520 791 582 827 sed
602 798 658 835 ut,
687 793 773 828 loco
794 793 880 836 hoc,
908 808 970 842 per
991 808 1167 834 numeros
1188 798 1364 843 indicato,
1389 814 1468 840 non
1493 803 1579 842 sub.

70 843 239 880 stituatur
261 840 394 878 melior
415 842 497 882 Vs.‚
525 853 597 878 nec
617 851 701 889 apta
722 843 884 889 exempla
916 845 1284 891 proferantur,<dum
1314 854 1375 893 gg,
1403 851 1520 890 servat
1537 861 1579 891 et

68 892 151 940 ipse
179 891 241 928 illa
260 892 327 932 P..
355 888 418 927 sed
448 890 532 928 Sch.
565 891 698 937 partim
729 893 846 927 modo
875 892 912 929 in
935 905 967 928 v.
992 913 1077 934 mr.
1110 892 1358 935 constructam*
1371 902 1580 939 Alexandri

68 939 230 978 nomine
247 941 390 980 urbem,
417 939 470 977 ἐστ’
497 939 698 976 Alexandri
728 943 883 983 nomine,
917 942 941 977 s.
963 955 1003 979 ea
1031 944 1274 987 conditione,
1312 960 1352 985 ut
1378 951 1580 990 Alexandri

69 1002 214 1028 nornen
233 988 381 1026 servet“
400 987 442 1025 in
462 1001 537 1035 quo
558 1000 648 1026 extr.
669 1002 704 1025 v.
726 990 841 1037 potest
859 992 927 1027 ell'e
949 1004 1141 1038 operarum
1161 1007 1263 1033 error
1286 1010 1352 1044 pro
1370 999 1448 1040 his,
1476 1002 1578 1038 unde

70 1039 157 1078 Sch.
180 1038 318 1080 haulh,
340 1039 422 1075 Ind.
451 1038 511 1074 Sb.
534 1050 568 1075 ν.
590 1043 643 1077 ἐπὶ
672 1040 897 1079 „Alexandri
927 1041 1059 1078 nomine
1080 1042 1104 1078 s.
1127 1056 1168 1079 ea
1186 1048 1400 1090 conditione,
1429 1059 1472 1085 ut
1491 1053 1578 1086 Ale-

68 1088 208 1127 xandri
227 1087 537 1132 nomen-ferreffl
558 1099 634 1136 quo
654 1100 693 1125 et
713 1091 874 1126 tendunt
891 1089 950 1124 ista
972 1093 1050 1127 lnd·
1070 1093 1208 1129 Stroth.
1226 1096 1315 1131 Chr.
1342 1097 1432 1137 „die
1457 1101 1576 1141 Stadt.

70 1139 217 1176 welche
246 1137 318 1185 bey
338 1136 437 1173 ihrer
464 1137 662 1185 Erbauung
687 1139 777 1174 nach
800 1139 885 1175 dem
912 1139 1052 1176 Numen
1071 1142 1134 1177 des
1159 1143 1384 1181 Alexanders
1411 1159 1578 1195 genennt

68 1189 246 1226 worden“
274 1198 352 1235 quo
375 1196 414 1223 et
434 1186 534 1222 redit
553 1186 704 1224 tandem
725 1187 820 1224 illud
846 1189 884 1224 in
903 1189 1084 1232 honorem,
1107 1203 1182 1238 quo
1204 1192 1249 1228 de
1277 1205 1310 1230 v.
1329 1194 1407 1231 Iud.
1430 1199 1508 1234 Ael,
1527 1200 1575 1235 V.

69 1239 109 1276 h.
130 1249 214 1274 cum
236 1237 284 1274 Ο.
303 1237 358 1272 Μ.
380 1237 425 1273 Α,
445 1237 492 1271 V.
517 1245 549 1282 3.
569 1248 606 1284 p.
628 1248 684 1282 90.
700 1260 711 1278 ‚
738 1248 781 1274 ut
799 1239 845 1275 de
864 1237 996 1285 reipsa
1016 1250 1054 1274 et
1074 1242 1161 1275 urbe
1182 1241 1284 1286 supra
1307 1253 1340 1288 3,
1358 1258 1394 1288 4,
1410 1249 1464 1289 6.,
1493 1247 1578 1284 scri..

69 1286 185 1325 bente
195 1285 331 1322 Nostro
344 1297 409 1331 per
427 1285 570 1333 analog.
585 1285 624 1322 in
639 1299 760 1336 praep.
774 1286 836 1323 ista
849 1299 934 1323 cum
946 1299 1061 1327 vas..
1086 1288 1146 1324 sed
1163 1290 1203 1326 in
1226 1290 1297 1326 hoc
1315 1304 1348 1327 v.
1367 1305 1450 1329 cum
1470 1296 1577 1335 subit,

68 1349 148 1376 πολ.
174 1347 218 1372 ut
238 1335 352 1371 Diod.
373 1335 409 1370 S.
431 1345 470 1370 et
497 1334 538 1372 Is.
559 1335 649 1372 Pan.
667 1337 766 1372 Mor.
789 1349 824 1384 p.
851 1340 927 1378 26..
955 1336 1002 1372 cf.
1026 1338 1159 1374 Herdt.
1183 1348 1216 1379 8,
1238 1351 1296 1385 40.
1352 1339 1494 1389 Σμύρνην
1519 1352 1578 1386 τὴν

68 1391 139 1425 &vrb
160 1392 352 1431 Κολοφῶνος
377 1386 603 1426 κτισθεῖσαν,
631 1395 671 1422 et
693 1384 808 1423 Dion.
827 1387 869 1423 C.
895 1392 1004 1435 1306,
1021 1399 1075 1422 22.
1101 1391 1216 1426 ποθεῖν
1237 1392 1356 1432 αὐτοῦς
1381 1401 1579 1438 πςρςπαιρύ..

115 1451 176 1478 νος.

69 1452 176 1528 μεκαῆ
193 1484 242 1530 τᾷ
261 1485 301 1522 3.
323 1483 403 1529 χρ.)
428 1482 620 1527 Eunapius
639 1483 679 1520 in
696 1481 874 1526 Aedesio,
899 1489 918 1527 ἦ
936 1485 972 1522 δὲ
987 1483 1220 1531 Ἀλεξάνδρεια
1239 1491 1293 1525 διά
1314 1505 1353 1525 τε
1372 1496 1411 1526 τὸ
1432 1493 1493 1528 τοῦ
1514 1501 1580 1530 Σκ-

71 1537 207 1584 gavi-1304·
237 1538 321 1584 ἱεςζν
349 1537 422 1578 ἱερά
450 1547 501 1574 τις
529 1531 567 1575 ἦν
592 1539 774 1578 οἰκουμένη·
815 1539 845 1570 οἱ
869 1536 949 1578 ’γοῦν
970 1533 1187 1579 πανταχόθεν
1215 1545 1390 1582 φοετῶντες
1414 1544 1446 1581 ἒς
1475 1544 1578 1584 αὕτῆν

69 1581 204 1626 πλῆθός
225 1598 264 1619 τε
288 1585 373 1624 ἦσαν
394 1582 443 1627 τῷ
474 1577 565 1627 δήμῳ
595 1587 848 1628 παρισούμενοι,
875 1593 959 1619 erat
980 1584 1198 1620 Alexandria
1223 1595 1371 1633 propter
1392 1590 1579 1634 Sarapidis

8 1645 11 1649 ¹
63 1633 201 1682 fanum
222 1632 313 1667 alter
333 1631 475 1678 qnidam
496 1642 535 1667 et
561 1631 676 1667 veluti
694 1631 802 1680 sacer
823 1644 1001 1669 terrarum
1031 1634 1136 1668 orbis.
1184 1637 1310 1682 ltaque
1330 1638 1390 1683 qus·
1410 1638 1496 1674 illuc
1514 1651 1577 1674 mr·

70 1684 175 1731 dique
196 1678 457 1719 confluebant.
484 1680 746 1728 multitudinem
763 1679 921 1729 agminis
942 1682 1171 1728 referebant,
1200 1684 1331 1729 (immo
1353 1698 1492 1723 numero
1514 1700 1578 1734 pa·

71 1744 130 1769 tes
151 1738 259 1766 erant
286 1729 395 1765 alicui
424 1729 546 1776 populo
572 1730 708 1771 alteri,
735 1741 881 1777 praeter
902 1728 978 1766 scil.
1008 1732 1196 1778 proprium
1218 1734 1251 1768 ei
1274 1733 1355 1770 urbi
1384 1737 1578 1782 populum.

70 1781 99 1821 f.
123 1777 364 1817 multitudine
386 1777 599 1814 efficiebant
626 1777 724 1826 quali
747 1778 911 1827 aliquem
938 1781 1095 1817 alterum
1126 1783 1332 1829 populum.)
1390 1785 1476 1830 Qo
1500 1785 1577 1831 ipso

22 1850 26 1853 ·
70 1832 113 1869 in
132 1831 218 1867 loco
232 1827 423 1864 Antonini
441 1828 678 1864 mentionem
694 1828 795 1864 facit.
847 1828 953 1865 Adde
971 1834 1091 1866 Amin,
1106 1831 1217 1866 Marc.
1240 1844 1295 1873 22,
1315 1844 1372 1876 4¹·
1400 1835 1473 1876 (ed.
1488 1836 1577 1870 Ern-

71 1893 133 1922 22,
158 1882 211 1914 16.
232 1890 267 1924 p.
283 1887 364 1923 273.
386 1877 410 1913 i.
436 1878 597 1923 templa,
627 1877 724 1913 inter
743 1890 829 1926 quae
847 1878 991 1914 eminet
1001 1880 1204 1928 Serapeum)
1223 1890 1261 1916 et
1278 1892 1371 1927 quos
1390 1883 1437 1918 G.
1450 1885 1476 1920 1.
1489 1883 1578 1920 Vos-

70 1929 142 1967 fiu's
163 1927 361 1964 annotavit
380 1926 403 1962 l.
426 1925 450 1961 l.
474 1926 589 1962 theol.
617 1926 747 1975 gentil.
768 1939 800 1963 c.
827 1940 882 1974 29·
905 1926 931 1962 f.
953 1929 1063 1964 Boecl.
1111 1929 1264 1975 Scrapin
1289 1930 1361 1965 scil.
1412 1933 1499 1977 Quo
1521 1934 1578 1967 lo.

69 1991 139 2020 co,
165 1975 333 2025 quamvis
361 1975 505 2017 obiter,
539 1987 761 2011 annotamus
790 1988 848 2022 ap.
871 1978 1078 2024 Aegyptios
1104 1989 1281 2024 perpetua
1308 1978 1578 2018 constitutione

69 2028 278 2066 servatum,
306 2036 351 2061 nt
370 2036 561 2072 nunquam
584 2024 728 2061 Saturni
752 2025 887 2072 templa
910 2038 973 2063 aut
999 2025 1180 2072 Serapidis
1201 2026 1291 2062 intra
1314 2030 1439 2064 urbem
1460 2030 1577 2065 admi*

69 2074 209 2116 serint,
237 2073 299 2112 sed
321 2074 425 2110 velut
445 2073 640 2122 pervigiles
661 2086 698 2110 et
717 2076 951 2111 excubitores
969 2074 1057 2111 deos
1087 2085 1182 2110 extra
1212 2077 1399 2122 pomoeria
1418 2078 1577 2115 colloca-

69 2124 220 2165 verint..
246 2124 305 2160 Al.
327 2124 372 2160 ab
389 2123 449 2160 Al.
467 2124 490 2159 l.
517 2135 550 2159 2.
572 2135 604 2160 c.
621 2136 654 2168 4.
674 2122 703 2159 f.
735 2125 849 2159 Oxou.
901 2125 977 2160 Hic
1002 2125 1105 2159 Deus
1125 2124 1266 2172 serapis
1285 2137 1382 2167 erat,
1408 2127 1455 2162 cf.
1478 2128 1574 2164 Plut.

69 2175 119 2212 de
139 2174 180 2211 Is.
199 2183 237 2210 et
256 2171 350 2211 Ofir.
374 2170 420 2209 T.
441 2185 474 2210 2.
494 2184 530 2221 p.
543 2185 591 2209 m.
611 2176 694 2219 361.
716 2183 754 2209 et
776 2173 815 2209 in
839 2174 975 2220 Gryno
996 2186 1030 2220 p.
1052 2186 1099 2208 m.
1120 2182 1203 2219 984.
1221 2173 1299 2210 Eul'.
1320 2175 1441 2222 Praep.
1466 2177 1528 2213 Εν.
1548 2177 1575 2220 Ι.

97 2251 106 2262 .
129 2235 149 2260 2
179 2249 189 2259 .
215 2222 352 2259 Stroth.

69 2237 94 2272 4
154 2230 227 2309 3Cf.
249 2273 350 2308 Fabr.
371 2271 416 2307 ad
435 2270 548 2307 Dion.
570 2272 613 2308 C.
636 2283 670 2318 p.
696 2277 800 2318 1302.
820 2270 852 2319 ᾗ.
869 2278 924 2311 88.
945 2270 985 2305 it.
1010 2276 1113 2315 1307,
1133 2281 1190 2315 49.
1211 2271 1311 2318 supra
1333 2283 1407 2319 que
1425 2271 1469 2309 ad
1487 2271 1520 2319 §.
1542 2282 1577 2313 ε.

69 2323 146 2360 sed
165 2324 228 2371 Bg.
248 2335 268 2358 e
290 2321 327 2356 Ρ.
349 2320 476 2359 liberis
499 2320 625 2357 multis
645 2330 794 2357 tantum
822 2321 938 2355 lei-vat
958 2320 1036 2355 Lat.
1059 2319 1103 2353 ad
1123 2333 1155 2355 ν.
1174 2335 1233 2364 x?-
1247 2346 1256 2360 ,
1285 2332 1322 2356 at
1342 2323 1490 2370 longius
1510 2323 1575 2360 Sb.

69 2371 153 2410 lnd.
174 2367 396 2412 „consulere
415 2371 606 2406 oraculum
628 2369 718 2404 dei“
740 2369 801 2404 sed
823 2368 982 2414 Stp.Th.
1001 2381 1035 2413 4,
1049 2378 1129 2412 585.
1153 2369 1185 2403 Ε.
1201 2382 1231 2404 c.
1250 2367 1326 2404 line
1351 2371 1411 2408 Vs.
1426 2371 1470 2406 cf.
1486 2373 1575 2408 Eud.

71 2422 116 2458 C.
140 2430 225 2466 355,
245 2428 303 2466 23.
322 2419 423 2455 Suid.
451 2431 482 2460 ι,
502 2430 583 2464 93¹·
604 2418 628 2453 i.
660 2422 850 2464 3,690.e.‚
871 2430 948 2452 non
967 2417 1053 2452 coll.
1074 2417 1116 2451 ad
1137 2419 1227 2453 Hes.
1247 2429 1274 2452 ι.
1296 2429 1335 2455 et
1356 2431 1386 2454 2.
1410 2432 1444 2464 p.
1470 2424 1574 2465 1564.

71 2481 104 2507 e.
120 2470 261 2505 Thom.
280 2468 334 2504 M.
363 2481 396 2514 p.
415 2479 497 2515 923.
518 2468 583 2504 lib.
602 2468 649 2504 de
669 2468 715 2502 V.
739 2468 833 2502 med.
855 2467 936 2513 vig.
959 2479 991 2512 p.
1008 2469 1088 2510 316.
1111 2467 1142 2501 b.
1164 2479 1211 2501 m.
1234 2466 1293 2503 Rs.
1314 2470 1380 2503 Or.
1406 2469 1450 2503 V.
1479 2479 1511 2515 3.
1537 2482 1575 2516 p.

74 2530 157 2565 515-
181 2519 229 2555 N.
252 2516 409 2563 89.1nd.
434 2517 548 2553 Dion.
566 2514 616 2552 H.
635 2517 670 2551 S.
692 2517 741 2551 T.
767 2529 793 2551 ι.
815 2529 849 2550 ν.
875 2519 952 2559 3754>-
969 2541 977 2553 ‚
1005 2513 1118 2549 Dion.
1142 2516 1221 2550 Cas.
1243 2525 1280 2550 et
1301 2517 1417 2551 Diod.
1437 2518 1494 2559 S..
1519 2529 1576 2555 te.

71 2567 253 2605 uentibus
278 2564 358 2602 Lat.
378 2567 504 2611 saltem
522 2566 579 2601 uti
606 2566 768 2606 oraculo,
806 2563 849 2599 cf.
880 2566 927 2598 G.
948 2563 1020 2599 Th.
1050 2573 1150 2608 1123,
1173 2568 1256 2606 67.‚
1292 2565 1391 2601 unde
1421 2567 1576 2612 propius

70 2617 110 2654 h.
131 2617 154 2652 Ι.
173 2616 325 2654 fecerim
342 2616 401 2651 dei
426 2615 576 2650 oraculo
597 2614 662 2649 uti.
714 2614 806 2650 Mox
828 2612 968 2647 Stroth.
986 2610 1024 2646 in
1045 2613 1090 2647 N.
1115 2611 1198 2647 Chr.
1220 2612 1265 2647 ad
1296 2618 1344 2650 ἐκ.
1369 2613 1445 2654 ‚,sc.
1473 2615 1575 2652 ’Ane-

71 2669 251 2713 ξανδςεῒςῑῑ
274 2664 378 2712 quod
399 2675 538 2700 nomen
561 2661 751 2709 proprium
774 2674 795 2697 e
813 2672 949 2709 genere
968 2671 1227 2696 concretorum
1246 2663 1339 2698 latet
1360 2662 1399 2698 in
1426 2675 1481 2709 pr.
1505 2677 1575 2700 no⁶

71 2713 174 2752 mine
203 2712 302 2750 urbis
327 2708 428 2750 πόλιν
451 2724 488 2748 et
515 2718 576 2754 τὴν
604 2711 737 2755 Ἀλεξ.,
762 2713 861 2746 unde
883 2711 918 2744 l’.
941 2709 1054 2744 libere
1073 2719 1213 2750 mutat,
1240 2709 1287 2744 cf.
1309 2723 1344 2754 4,
1366 2714 1401 2752 6,
1423 2722 1456 2752 3.
1474 2724 1512 2749 et
1537 2715 1578 2750 in

71 2763 125 2811 sq.
152 2762 233 2799 adv,
257 2765 305 2808 ἐξ.
331 2763 410 2807 Stp.
433 2762 508 2796 Th.
528 2758 592 2806 qui
620 2759 708 2796 hinc
726 2771 746 2794 e
770 2760 829 2797 l’.,
855 2757 993 2793 addens
1025 2758 1181 2797 „malim
1198 2769 1331 2797 ,tamen
1356 2760 1396 2795 in
1421 2763 1578 2809 primistt

70 2824 152 2851 non
170 2811 348 2850 obsecuto
369 2811 454 2860 ug..
477 2808 608 2854 forsan>
624 2809 672 2845 ob
689 2807 740 2856 sq.
761 2807 792 2855 ς.
809 2806 866 2844 ἐς.
880 2829 890 2848 a
912 2806 974 2845 sed
998 2805 1148 2855 longius
1168 2807 1231 2843 Sl).
1250 2809 1331 2845 lnd.
1352 2811 1575 2859 „praecipua
