1717 3082
5 0 25 41 ἣ,

125 114 310 164 LIBER
324 114 401 164 IV.
436 114 563 163 CAP.
576 115 693 163 VIII.
729 114 785 163 A.
804 114 859 161 V.
881 113 929 162 C.
950 114 1060 176 968.
1083 110 1222 163 CHR.
1232 111 1299 160 N.
1316 125 1425 174 215.
1493 124 1524 173 9
1538 127 1562 171 3
1576 116 1608 169 ’ξ

60 228 408 291 favendum-069.
474 233 529 289 ὠς
564 228 615 284 δὲ
638 247 660 281 Ρ
704 229 828 299 dury·
877 244 959 290 18·
991 243 1058 286 Ut
1078 248 1227 286 autem
1263 238 1526 285 nunciatum
1553 234 1602 284 id

62 311 184 378 γέλη
235 312 299 377 τῷ
360 311 446 360 τῶν
497 306 832 381 Ἀλεξοινὸξέων
869 314 929 363 est
959 315 1279 363 Alexandrinae
1312 312 1600 369 multitudini,

62 386 275 451 πλήθει,
326 385 465 453 φύσει
495 387 571 452 μὲν
617 389 700 437 ὄντι
744 386 840 444 ’τοὶς
869 392 1017 458 suapte
1054 403 1211 440 natura
1247 388 1444 439 leviffimi
1477 389 1616 450 inge-‘

0 518 2 521 ,
62 463 260 532 γνώμας.
290 461 595 530 κουφοτάτῳ,
644 463 717 528 καὶ
757 463 831 514 ἐπὶ
867 471 954 527 nii,
993 480 1036 517 et
1058 470 1253 517 minimis
1275 468 1514 515 momentis
1536 465 1600 512 fa-

63 549 156 598 τοῒς
192 541 508 612 βξοιχυτοὶτοις
537 540 661 610 ῥᾷςα
698 562 831 590 κινου-
869 546 1030 593 cillime
1054 544 1375 611 impellendae,
1415 542 1477 590 ibi
1501 553 1601 588 tum

62 616 191 687 μένῳ,
217 617 320 668 Τότε
344 613 386 668 δ’
410 631 432 666 ‘³
455 615 735 686 ἓξὲπτὸηντο,
760 616 833 674 τὴν
871 634 989 671 extra
1038 623 1079 670 se
1120 631 1268 679 erant,
1317 619 1600 684 imperatoris

64 698 146 763 svo&
175 694 408 761 βασιλέως
445 689 650 750 σπουδήν
683 715 731 745 τε
764 692 835 759 καὶ
871 699 1064 747 studium
1123 709 1168 747 et
1244 696 1602 746 benevolentiam

134 793 139 797 -
157 817 198 862 p)
220 817 253 850 33
273 815 425 849 omissum
444 816 478 848 in
507 816 559 848 Rs.
582 823 612 848 1.
630 816 674 848 al.
695 815 868 848 mendose.
936 816 974 862 q)
997 816 1029 848 δὲ
1057 814 1122 848 Ms.
1143 814 1200 848 Ba.
1220 813 1343 856 plene,
1364 820 1405 844 ut
1422 809 1524 848 alibi,
1549 806 1599 842 cf.

62 869 99 910 3,
118 868 152 903 8,
173 870 227 908 13.
246 873 293 895 m.
318 871 356 896 et
381 862 436 895 hic
455 872 594 906 quoque
612 861 647 895 in
665 862 793 895 Stroth.
815 861 898 895 Chr.

64 957 92 996 l.
113 958 139 996 1.
158 968 199 1008 p.
218 966 279 1000 88.
299 955 385 996 lnd.
403 958 467 996 Sb.
487 969 528 996 et
548 957 598 1009 ej.
625 957 743 995 Dion.
766 958 818 996 H.
842 958 890 994 T.
910 969 982 995 utr.
1010 953 1144 994 Herdt.
1162 953 1232 991 Ios.
1260 953 1322 991 Rs.
1345 953 1413 989 Or.
1432 952 1479 988 V.
1499 961 1530 993 7.
1549 949 1600 987 Is.

63 1009 160 1053 Luc.
180 1010 229 1048 G.
253 1008 344 1047 Chr.
363 1019 403 1045 et
423 1009 498 1046 Th.
523 1023 561 1046 v.
583 1012 647 1058 Bg.
670 1019 708 1046 et
724 1008 788 1052 P„
816 1007 880 1046 sed
898 1007 1040 1045 Stroth.
1070 1005 1151 1043 lnd.
1174 1005 1263 1042 Chr.
1292 1003 1381 1045 „ein
1413 999 1598 1041 Leichen-¹

65 1058 201 1109 opfer,
232 1059 523 1108 Todtenopfer.“
627 1072 631 1075 ·

117 1113 161 1151 ὡς
184 1112 220 1153 δὲ
240 1108 290 1155 δ.)
313 1108 440 1146 Leisn.
459 1108 500 1146 in
520 1111 594 1147 Ms.
617 1111 681 1159 ng.
711 1107 814 1146 rubri
837 1105 975 1145 coloris
994 1106 1092 1144 linea
1120 1103 1310 1141 strinxerat
1330 1114 1459 1148 pron..
1493 1096 1599 1149 quod

66 1157 120 1197 est
145 1171 166 1196 e
186 1159 226 1196 P.
255 1159 438 1208 obliquo,
465 1171 507 1197 ut
529 1171 568 1197 et
590 1160 668 1209 syn.
691 1159 762 1196 adi.
782 1160 828 1197 ad
854 1158 951 1199 ’Aa.,
981 1170 1025 1194 ex
1046 1156 1113 1193 usu
1136 1157 1237 1195 Lat.,
1263 1152 1311 1189 cf.
1326 1154 1373 1189 G.
1386 1151 1475 1193 Th..
1504 1149 1599 1187 dum

66 1209 289 1258 ambiguum
310 1210 381 1252 est,
409 1210 513 1258 quod
542 1211 654 1247 habet
675 1209 812 1246 Auflor
832 1208 878 1244 de
908 1206 1006 1244 bello
1027 1205 1132 1243 Alex.
1155 1214 1213 1252 30,
1233 1207 1266 1239 6.
1292 1203 1450 1239 maxima
1471 1210 1508 1237 et
1525 1199 1600 1235 ele-

67 1255 218 1306 difflma
239 1258 584 1297 Alexandrinorum
612 1260 802 1296 multitudo
821 1260 911 1299 rel..
939 1257 989 1293 cf.
1021 1257 1088 1293 los.
1114 1267 1145 1294 ι,
1168 1267 1250 1300 944.
1283 1252 1309 1288 s.
1331 1265 1363 1287 2.
1384 1252 1408 1287 i.
1446 1254 1499 1305 ξτὶ
1535 1254 1599 1291 τῆς

67 1307 318 1357 Ἀλεξανδρέων
333 1316 486 1352 πόλεως,
514 1311 553 1346 in
571 1311 663 1348 urbe
683 1308 939 1351 Alexandrina
953 1333 962 1348 ‚
992 1306 1035 1341 ad
1060 1317 1170 1353 quam
1192 1304 1335 1350 analog.
1350 1326 1361 1342 ‚
1388 1312 1426 1337 et
1446 1299 1599 1335 illorum

67 1360 118 1406 τῷ
143 1358 311 1405 Ῥωμαίων
338 1358 358 1394 s.
387 1359 575 1403 Ἀθη-κείων
597 1357 711 1407 δήμῳ,
739 1358 872 1397 Noster
893 1354 1123 1393 confinxerit
1142 1355 1239 1391 suam
1263 1350 1460 1389 formulam
1492 1348 1602 1388 hanc,

69 1421 154 1455 non
174 1408 444 1456 praebentibus
469 1413 550 1459 Stp.
567 1411 642 1447 Th.
663 1420 703 1447 et
722 1410 831 1447 Indd.
851 1407 896 1445 fic
914 1407 1018 1445 subst.
1039 1418 1099 1443 m..
1120 1416 1206 1442 cum
1227 1414 1310 1452 gen.
1329 1398 1495 1438 nominis
1516 1407 1601 1447 pro-

68 1457 144 1509 prii
169 1458 413 1507 populorum.

115 1511 246 1555 φύσει)
276 1510 389 1555 Curt.
407 1524 442 1557 4,
466 1521 497 1552 ι,
520 1519 578 1557 30.
606 1509 792 1560 Aegyptii,
818 1521 910 1545 vana
931 1519 1045 1555 gens.
1073 1514 1112 1541 et
1131 1502 1319 1542 novandis,
1344 1512 1453 1549 quam
1468 1509 1601 1547 geren·

67 1558 150 1600 dis,
174 1557 296 1607 aptior
316 1560 442 1602 rebus,
467 1559 512 1595 ad
526 1572 638 1608 quern
661 1574 694 1597 v.
715 1559 810 1596 Cell.
838 1557 919 1602 (ubi
939 1555 1064 1594 Nostri
1087 1555 1193 1591 locus
1213 1552 1288 1589 fine
1305 1553 1369 1588 Vs.
1392 1548 1438 1584 fic
1459 1545 1603 1596 profer·

69 1618 132 1646 tur
149 1609 226 1650 „de
246 1609 504 1646 Alexandrino
525 1611 690 1658 populo,
713 1614 816 1656 φύσει
837 1613 901 1650 τὰς
919 1622 971 1653 w.
994 1611 1205 1652 κουφότατος
1226 1600 1295 1647 ὦν.)
1323 1600 1438 1638 Leisn.

167 1658 243 1706 Qi
263 1670 303 1694 et
325 1658 365 1694 in
397 1670 444 1695 m.
465 1661 523 1695 Bc.
548 1673 581 1697 2.
607 1658 790 1707 ,‚Vopisc.
810 1659 849 1694 in
874 1656 1078 1694 Saturnino
1105 1666 1136 1690 c.
1158 1665 1193 1698 7.
1214 1653 1266 1701 sq.
1296 1665 1330 1699 p.
1352 1654 1461 1705 §525⁶
1484 1655 1600 1694 quem

67 1709 198 1746 locum
219 1707 318 1744 infra
338 1707 486 1750 daturi,
508 1708 570 1745 hic
588 1709 760 1746 addimus
781 1707 897 1745 modo
920 1705 1029 1743 Beck.
1051 1703 1210 1751 Specirn.
1226 1701 1305 1738 hist.
1327 1699 1412 1736 bibl.
1433 1695 1537 1733 Alex.
1561 1706 1601 1741 p.

72 1769 130 1803 ¹7·
151 1757 267 1807 §.11.
291 1769 378 1794 cum
398 1759 448 1795 N.
468 1771 499 1794 2.
523 1770 561 1795 et
580 1772 625 1796 ex
649 1759 810 1796 Auelore
829 1756 876 1793 de
898 1756 997 1793 bello
1013 1754 1118 1792 Alex.
1140 1766 1199 1799 24,
1230 1765 1260 1790 1.
1286 1749 1429 1799 Caesar,
1450 1745 1517 1793 etsi
1529 1742 1603 1800 fal·

68 1809 187 1846 lacem
203 1815 370 1856 gentem,
396 1807 542 1857 semper
560 1821 624 1858 que
644 1810 713 1845 alia
740 1808 977 1855 cogitantem,
1007 1805 1077 1841 alia
1085 1804 1334 1852 simulantem,
1361 1801 1455 1835 bene
1481 1805 1602 1842 cognt-

69 1868 148 1894 tam
168 1857 343 1900 habebat,
366 1858 455 1899 τέω
480 1859 518 1896 Ρ.
545 1859 726 1908 sequente
747 1860 812 1907 Bg.
838 1867 986 1893 tantum
1005 1855 1047 1891 in
1075 1866 1183 1901 φυσκ,
1211 1864 1252 1889 ut
1273 1861 1306 1896 3,
1326 1859 1360 1890 8,
1379 1852 1437 1887 6·‚
1465 1843 1528 1882 sed
1555 1851 1601 1877 Ut

70 1919 110 1950 2,
133 1919 191 1954 ις.
210 1920 245 1953 4.
266 1918 331 1955 per
349 1918 435 1956 gen.
458 1908 622 1945 eundem
643 1908 683 1946 in
699 1908 771 1945 adi.
795 1919 880 1943 cum
901 1918 998 1947 acc.,
1022 1904 1085 1940 ubi
1107 1902 1246 1941 Stroth.
1266 1900 1306 1937 in
1323 1900 1372 1936 N.
1393 1890 1603 1947 ChrareRe

69 1956 154 2000 „sc-
175 1961 288 1998 κατὰ,
316 1957 555 2004 (it.1nd.)7·2.
578 1958 660 1995 sehr
676 1956 912 2006 leichssnnig,
929 1956 969 1992 in
990 1955 1116 1991 seincn
1130 1951 1398 1998 Gefinnungen
1420 1944 1499 1981 sehr
1518 1952 1602 1979 vet·
1624 1955 1628 1959 ·

0 2034 1 2044 ¹
70 2006 289 2051 anderlich,
312 2007 393 2054 (sed
411 2007 479 2055 ib.)
508 2018 544 2054 φ.
567 2007 684 2046 seiner
708 2008 845 2045 innern
874 2002 1170 2043 Beschaffenheit
1195 2001 1311 2042 nach,
1339 1997 1475 2034 seinem
1499 1992 1602 2028 Cha-

70 2056 189 2095 taster
211 2056 339 2094 nach<‘
366 2069 443 2107 quo
467 2059 514 2095 de
532 2058 634 2101 alibi,
661 2059 705 2095 ad
725 2057 871 2105 analog.
890 2055 1077 2103 iungente
1095 2052 1230 2090 Nostro
1250 2059 1345 2095 κουφ.
1368 2056 1456 2082 cum
1478 2058 1511 2079 ‘³’-
1529 2054 1600 2085 “lv--

30 2103 34 2107 ’
70 2105 123 2146 cf.
146 2106 186 2144 in
212 2106 388 2154 superlat.
410 2109 518 2145 Foes.
540 2120 624 2145 cum
647 2108 688 2144 Z.
711 2108 792 2145 Ind.
814 2107 906 2143 Xen.
928 2104 1036 2142 Bach.
1059 2116 1103 2141 ex
1128 2104 1242 2151 Ages.
1267 2098 1329 2135 sed
1361 2103 1524 2141 compar·
1545 2088 1601 2126 ib·

72 2156 157 2195 Pol.
175 2166 215 2193 et
231 2157 263 2193 G
292 2169 319 2193 r.
331 2155 460 2194 Dion.
483 2159 534 2196 H.
556 2159 605 2195 T.
628 2167 702 2195 utr.
723 2157 779 2194 Fi.
808 2155 882 2193 Pal.
904 2165 944 2192 et
971 2152 1074 2192 Suid.
1126 2153 1216 2189 Mox
1244 2151 1306 2197 Bg.
1329 2160 1349 2203 e
1375 2146 1416 2182 P.
1439 2143 1484 2179 ad
1512 2146 1540 2180 ἐ.
1561 2153 1600 2175 τ·-

73 2213 144 2254 βς.,
170 2206 261 2255 supp
279 2218 346 2242 ens
366 2206 471 2245 subst.
489 2208 663 2250 liberum,
688 2206 752 2245 sed
772 2206 858 2244 Sch.
878 2201 1087 2250 „levtffimis
1098 2201 1143 2238 de
1156 2199 1295 2246 causis«
1310 2206 1469 2232 vlcmlus
1488 2188 1600 2246 su-bst·

73 2261 218 2300 αἰτίαις,
256 2268 325 2304 pro
353 2269 431 2305 quo
450 2268 489 2294 et
515 2257 689 2306 procedit
716 2257 812 2294 illud
839 2266 1040 2292 commune
1070 2256 1268 2298 πράγμασι,
1294 2247 1455 2282 abeunte
1484 2249 1602 2278 enam

72 2306 220 2344 Stroth.
240 2304 323 2342 Ind.
345 2308 471 2348 „iiber
492 2309 549 2345 die
566 2305 776 2358 geringsten
787 2302 1081 2354 Kleint'gkeitem‘
1102 2301 1163 2338 sed
1184 2298 1348 2357 variante
1359 2291 1493 2331 Nostro
1511 2299 1601 2325 cum

74 2369 113 2404 4,
133 2359 170 2398 6,
195 2366 226 2400 ς.
247 2359 274 2393 ἐ.
295 2362 350 2404 eg.
369 2361 497 2401 αἰτίαις
518 2367 558 2394 et
583 2371 612 2400 1,
635 2366 668 2404 3,
694 2369 749 2403 15·
778 2361 804 2394 ἐ.
827 2360 904 2398 ταῖς
932 2357 1118 2399 τυχούσαις
1135 2350 1307 2402 ἂΦθξμθξῖς
1330 2362 1355 2391 e<
1376 2360 1455 2383 '‘W-⁹
1479 2335 1603 2388 (quod

75 2404 147 2444 adi.
169 2403 320 2453 respicit
339 2406 379 2442 P.
398 2405 547 2454 libere,)
579 2407 641 2445 sed
668 2406 714 2443 ad
741 2405 886 2453 analog.
912 2403 1026 2440 modo
1047 2401 1233 2437 scribente
1260 2408 1299 2431 sn
1322 2411 1354 2431 τ.
1375 2400 1429 2439 βξ·
1449 2400 1489 2427 et
1516 2397 1603 2444 qum

75 2467 110 2493 v.
133 2471 217 2498 xm,
242 2466 321 2504 quo
344 2456 391 2493 de
413 2457 476 2506 Eg.
507 2457 552 2494 cf.
580 2469 612 2498 ι,
633 2468 667 2505 3,
700 2467 780 2500 15.‚
818 2456 854 2492 h.
875 2455 899 2494 Ι.
927 2450 1072 2500 impelli
1100 2461 1179 2486 non
1208 2445 1253 2483 ad
1283 2441 1503 2498 mutandum
1529 2449 1603 2474 ΗΠ·

77 2505 227 2555 'perium
246 2516 285 2541 et
297 2503 512 2550 dominum,
533 2507 620 2556 quia
641 2507 714 2544 iam
736 2506 916 2553 parebant
930 2504 1101 2539 Romano
1123 2499 1351 2545 imperator1‚
1376 2489 1498 2546 [θά,ἃᾶ
1521 2498 1605 2524 mu·

76 2553 238 2593 tandum
259 2552 427 2592 animum
453 2556 561 2593 suum
589 2568 674 2604 erga
694 2554 979 2604 imperatorem.
1006 2562 1141 2600 quem,
1167 2556 1254 2584 ³¹²1?
1276 2555 1361 2580 cum
1383 2538 1542 2577 odiss‘ent
1562 2547 1604 2574 et

76 2603 254 2646 rifilsent,
281 2616 386 2642 nunc
405 2606 530 2642 colere
551 2607 743 2654 satagunt,
771 2605 819 2641 cf.
843 2615 922 2650 cap.
948 2601 999 2649 sq.

128 2661 210 2692 τίνι-ε
238 2652 266 2690 δ’
285 2656 416 2700 eam.)
444 2655 548 2693 Huic
573 2657 660 2693 loco
679 2653 798 2691 videri
828 2651 936 2700 ponit
957 2648 1096 2687 subess‘e
1115 2644 1315 2698 mendumi
1341 2651 1458 2687 quum
1478 2647 1607 2674 tamen

78 2703 210 2754 potius
234 2703 415 2741 credibile
440 2704 504 2748 fit,
532 2708 605 2741 hoc
622 2704 850 2743 ἀνακόλουθον
875 2703 917 2737 ab
942 2698 1022 2747 ipso
1044 2695 1263 2735 Herodiano
1293 2689 1501 2739 profestum
1521 2685 1606 2723 effe·

78 2753 200 2803 Steph.
252 2752 386 2790 Malim
414 2757 643 2801 ἐξεπτοημένῳ
672 2763 711 2789 et
736 2755 993 2795 πυνθανομένῳ.
1020 2760 1059 2785 et
1079 2757 1160 2783 tum
1183 2747 1219 2783 δὲ
1247 2743 1280 2793 §.
1299 2742 1351 2790 sq.
1372 2739 1443 2777 erit
1469 2737 1609 2774 tollen-

41 2818 44 2825 ’
80 2803 186 2844 dum.
211 2800 331 2845 Reisk.
376 2803 458 2843 Pol.
477 2806 582 2854 quast
596 2801 810 2844 animorum
828 2802 989 2852 impotes.
1042 2794 1254 2837 Menander
1273 2794 1318 2838 11,
1335 2803 1371 2839 4.
1390 2801 1428 2839 p.
1448 2800 1534 2836 244·
1554 2784 1614 2825 dl·
