<?xml version="1.0" encoding="UTF-8"?>
<!DOCTYPE html PUBLIC "-//W3C//DTD XHTML 1.0 Transitional//EN"
    "http://www.w3.org/TR/xhtml1/DTD/xhtml1-transitional.dtd">
<html xmlns="http://www.w3.org/1999/xhtml" xml:lang="en" lang="en">
 <head>
  <title>
</title>
<meta http-equiv="Content-Type" content="text/html;charset=utf-8" />
  <meta name='ocr-system' content='tesseract 3.04.00' />
  <meta name='ocr-capabilities' content='ocr_page ocr_carea ocr_par ocr_line ocrx_word'/>
</head>
<body>
  <div class='ocr_page' id='page_1' title='image "./historiarumlibri02hero/historiarumlibri02hero_0684.png"; bbox 0 0 1722 3086; ppageno 0'>
   <div class='ocr_carea' id='block_1_1' title="bbox 146 124 1639 190">
    <p class='ocr_par' dir='ltr' id='par_1_1' title="bbox 146 124 1639 190">
     <span class='ocr_line' id='line_1_1' title="bbox 146 124 1639 190; baseline 0.005 -17"><span class='ocrx_word' id='word_1_1' title='bbox 146 128 252 189; x_wconf 60' lang='grc' dir='ltr'>διε</span> <span class='ocrx_word' id='word_1_2' title='bbox 289 124 466 173; x_wconf 79' lang='lat' dir='ltr'>LIBER</span> <span class='ocrx_word' id='word_1_3' title='bbox 482 124 561 171; x_wconf 88' lang='lat'>111.</span> <span class='ocrx_word' id='word_1_4' title='bbox 591 125 1073 175; x_wconf 79' lang='lat' dir='ltr'>CAP.V111.A.V.c.</span> <span class='ocrx_word' id='word_1_5' title='bbox 1100 138 1224 185; x_wconf 79' lang='lat'><em>950.</em></span> <span class='ocrx_word' id='word_1_6' title='bbox 1259 128 1481 180; x_wconf 65' lang='lat' dir='ltr'>CHRN.</span> <span class='ocrx_word' id='word_1_7' title='bbox 1517 124 1639 190; x_wconf 67' lang='lat'><strong>197‘.</strong></span> 
     </span>
    </p>
   </div>
   <div class='ocr_carea' id='block_1_2' title="bbox 140 236 1682 315">
    <p class='ocr_par' dir='ltr' id='par_1_2' title="bbox 140 236 1682 315">
     <span class='ocr_line' id='line_1_2' title="bbox 140 236 1682 315; baseline -0.003 -20"><span class='ocrx_word' id='word_1_8' title='bbox 140 239 353 295; x_wconf 70' lang='grc' dir='ltr'><em>ἐδείκνυεν</em></span> <span class='ocrx_word' id='word_1_9' title='bbox 374 239 550 292; x_wconf 64' lang='grc' dir='ltr'><em>αὑτοῦ*</em></span> <span class='ocrx_word' id='word_1_10' title='bbox 568 237 641 291; x_wconf 73' lang='grc' dir='ltr'>τᾶν</span> <span class='ocrx_word' id='word_1_11' title='bbox 654 239 804 307; x_wconf 61' lang='lat' dir='ltr'>Sumit</span> <span class='ocrx_word' id='word_1_12' title='bbox 825 236 895 315; x_wconf 67' lang='grc' dir='ltr'>ἴδῃ</span> <span class='ocrx_word' id='word_1_13' title='bbox 937 247 1084 298; x_wconf 67' lang='grc' dir='ltr'><strong>νὶάεειὲ</strong></span> <span class='ocrx_word' id='word_1_14' title='bbox 1133 259 1179 297; x_wconf 77' lang='lat' dir='ltr'>et</span> <span class='ocrx_word' id='word_1_15' title='bbox 1226 249 1332 298; x_wconf 74' lang='lat' dir='ltr'>inde</span> <span class='ocrx_word' id='word_1_16' title='bbox 1379 251 1582 302; x_wconf 61' lang='lat' dir='ltr'>adversus</span> <span class='ocrx_word' id='word_1_17' title='bbox 1630 253 1682 302; x_wconf 64' lang='grc' dir='ltr'>ἢ.</span> 
     </span>
    </p>
   </div>
   <div class='ocr_carea' id='block_1_3' title="bbox 230 387 837 434">
    <p class='ocr_par' dir='ltr' id='par_1_3' title="bbox 230 387 837 434">
     <span class='ocr_line' id='line_1_3' title="bbox 230 387 837 434; baseline -0.002 -10"><span class='ocrx_word' id='word_1_18' title='bbox 230 392 266 431; x_wconf 73' lang='lat' dir='ltr'>x)</span> <span class='ocrx_word' id='word_1_19' title='bbox 290 391 383 423; x_wconf 74' lang='grc' dir='ltr'><strong>ιῦτοΰ</strong></span> <span class='ocrx_word' id='word_1_20' title='bbox 403 400 464 434; x_wconf 85' lang='lat' dir='ltr'>per</span> <span class='ocrx_word' id='word_1_21' title='bbox 482 387 597 422; x_wconf 84' lang='lat' dir='ltr'>lenem</span> <span class='ocrx_word' id='word_1_22' title='bbox 613 389 657 423; x_wconf 88' lang='lat' dir='ltr'>A.</span> <span class='ocrx_word' id='word_1_23' title='bbox 676 388 721 421; x_wconf 85' lang='lat' dir='ltr'>al.</span> <span class='ocrx_word' id='word_1_24' title='bbox 740 399 776 422; x_wconf 85' lang='lat' dir='ltr'>v.</span> <span class='ocrx_word' id='word_1_25' title='bbox 789 389 837 423; x_wconf 82' lang='lat' dir='ltr'>N.</span> 
     </span>
    </p>
   </div>
   <div class='ocr_carea' id='block_1_4' title="bbox 129 502 1707 2800">
    <p class='ocr_par' dir='ltr' id='par_1_4' title="bbox 129 502 1707 2800">
     <span class='ocr_line' id='line_1_4' title="bbox 141 502 1677 552; baseline 0.001 -10"><span class='ocrx_word' id='word_1_26' title='bbox 141 515 224 543; x_wconf 80' lang='lat' dir='ltr'>tum</span> <span class='ocrx_word' id='word_1_27' title='bbox 246 517 266 541; x_wconf 84' lang='lat' dir='ltr'>e</span> <span class='ocrx_word' id='word_1_28' title='bbox 286 514 466 542; x_wconf 84' lang='lat' dir='ltr'>contextu</span> <span class='ocrx_word' id='word_1_29' title='bbox 482 517 525 542; x_wconf 88' lang='lat' dir='ltr'>ae</span> <span class='ocrx_word' id='word_1_30' title='bbox 545 503 640 541; x_wconf 83' lang='lat' dir='ltr'>serie</span> <span class='ocrx_word' id='word_1_31' title='bbox 661 504 793 546; x_wconf 81' lang='lat' dir='ltr'>totius,</span> <span class='ocrx_word' id='word_1_32' title='bbox 814 515 897 542; x_wconf 87' lang='lat' dir='ltr'>tum</span> <span class='ocrx_word' id='word_1_33' title='bbox 908 504 951 541; x_wconf 84' lang='lat' dir='ltr'>ab</span> <span class='ocrx_word' id='word_1_34' title='bbox 969 502 1028 545; x_wconf 83' lang='lat' dir='ltr'>iis,</span> <span class='ocrx_word' id='word_1_35' title='bbox 1042 502 1177 552; x_wconf 87' lang='lat' dir='ltr'>quibus</span> <span class='ocrx_word' id='word_1_36' title='bbox 1191 503 1335 552; x_wconf 81' lang='lat' dir='ltr'>epistola</span> <span class='ocrx_word' id='word_1_37' title='bbox 1347 503 1473 542; x_wconf 85' lang='lat' dir='ltr'>Severi</span> <span class='ocrx_word' id='word_1_38' title='bbox 1494 503 1677 547; x_wconf 80' lang='lat' dir='ltr'>innotuit,</span> 
     </span>
     <span class='ocr_line' id='line_1_5' title="bbox 138 552 1678 604; baseline -0.001 -12"><span class='ocrx_word' id='word_1_39' title='bbox 138 569 160 592; x_wconf 79' lang='lat' dir='ltr'>a</span> <span class='ocrx_word' id='word_1_40' title='bbox 180 555 324 604; x_wconf 86' lang='lat' dir='ltr'>populo</span> <span class='ocrx_word' id='word_1_41' title='bbox 344 566 384 591; x_wconf 90' lang='lat' dir='ltr'>et</span> <span class='ocrx_word' id='word_1_42' title='bbox 405 554 536 592; x_wconf 80' lang='lat' dir='ltr'>amicis</span> <span class='ocrx_word' id='word_1_43' title='bbox 556 554 706 594; x_wconf 80' lang='lat' dir='ltr'>Albini,</span> <span class='ocrx_word' id='word_1_44' title='bbox 733 565 872 603; x_wconf 87' lang='lat' dir='ltr'>utpote</span> <span class='ocrx_word' id='word_1_45' title='bbox 893 552 1049 592; x_wconf 80' lang='lat' dir='ltr'>consciis</span> <span class='ocrx_word' id='word_1_46' title='bbox 1069 552 1133 591; x_wconf 79' lang='lat' dir='ltr'>libi</span> <span class='ocrx_word' id='word_1_47' title='bbox 1155 553 1295 593; x_wconf 77' lang='lat' dir='ltr'>favoris</span> <span class='ocrx_word' id='word_1_48' title='bbox 1316 555 1357 593; x_wconf 89' lang='lat' dir='ltr'>in</span> <span class='ocrx_word' id='word_1_49' title='bbox 1373 555 1567 597; x_wconf 81' lang='lat' dir='ltr'>Albinum,</span> <span class='ocrx_word' id='word_1_50' title='bbox 1585 567 1678 604; x_wconf 81' lang='lat' dir='ltr'>qua·</span> 
     </span>
     <span class='ocr_line' id='line_1_6' title="bbox 138 603 1676 653; baseline -0.001 -11"><span class='ocrx_word' id='word_1_51' title='bbox 138 605 185 643; x_wconf 81' lang='lat' dir='ltr'>lis</span> <span class='ocrx_word' id='word_1_52' title='bbox 208 604 438 641; x_wconf 74' lang='lat' dir='ltr'>conscientia</span> <span class='ocrx_word' id='word_1_53' title='bbox 466 605 572 653; x_wconf 84' lang='lat' dir='ltr'>saepe</span> <span class='ocrx_word' id='word_1_54' title='bbox 599 604 650 640; x_wconf 82' lang='lat' dir='ltr'>est</span> <span class='ocrx_word' id='word_1_55' title='bbox 675 604 864 652; x_wconf 82' lang='lat' dir='ltr'>interpres</span> <span class='ocrx_word' id='word_1_56' title='bbox 893 603 1037 652; x_wconf 85' lang='lat' dir='ltr'>optima</span> <span class='ocrx_word' id='word_1_57' title='bbox 1057 604 1169 642; x_wconf 83' lang='lat' dir='ltr'>etiam</span> <span class='ocrx_word' id='word_1_58' title='bbox 1199 605 1287 644; x_wconf 66' lang='lat' dir='ltr'>dieti</span> <span class='ocrx_word' id='word_1_59' title='bbox 1320 604 1496 653; x_wconf 87' lang='lat' dir='ltr'>scriptive</span> <span class='ocrx_word' id='word_1_60' title='bbox 1518 604 1676 642; x_wconf 83' lang='lat' dir='ltr'>alicuius</span> 
     </span>
     <span class='ocr_line' id='line_1_7' title="bbox 139 653 1673 705; baseline -0.001 -13"><span class='ocrx_word' id='word_1_61' title='bbox 139 656 252 705; x_wconf 82' lang='lat' dir='ltr'>paulo</span> <span class='ocrx_word' id='word_1_62' title='bbox 277 653 504 692; x_wconf 85' lang='lat' dir='ltr'>obscurioris</span> <span class='ocrx_word' id='word_1_63' title='bbox 537 666 654 704; x_wconf 85' lang='lat' dir='ltr'>atque</span> <span class='ocrx_word' id='word_1_64' title='bbox 685 654 889 696; x_wconf 81' lang='lat' dir='ltr'>brevioris;</span> <span class='ocrx_word' id='word_1_65' title='bbox 918 666 1027 703; x_wconf 87' lang='lat' dir='ltr'>quam</span> <span class='ocrx_word' id='word_1_66' title='bbox 1060 666 1257 703; x_wconf 85' lang='lat' dir='ltr'>utramque</span> <span class='ocrx_word' id='word_1_67' title='bbox 1279 669 1379 698; x_wconf 84' lang='lat' dir='ltr'>rem,</span> <span class='ocrx_word' id='word_1_68' title='bbox 1405 655 1673 693; x_wconf 77' lang='lat' dir='ltr'>obicurizatem</span> 
     </span>
     <span class='ocr_line' id='line_1_8' title="bbox 139 703 1676 752; baseline -0.002 -9"><span class='ocrx_word' id='word_1_69' title='bbox 139 717 180 743; x_wconf 82' lang='lat' dir='ltr'>et</span> <span class='ocrx_word' id='word_1_70' title='bbox 202 706 440 747; x_wconf 80' lang='lat' dir='ltr'>brevitatem,</span> <span class='ocrx_word' id='word_1_71' title='bbox 467 703 602 743; x_wconf 84' lang='lat' dir='ltr'>Noster</span> <span class='ocrx_word' id='word_1_72' title='bbox 630 704 737 752; x_wconf 79' lang='lat' dir='ltr'>saepe</span> <span class='ocrx_word' id='word_1_73' title='bbox 759 704 941 746; x_wconf 57' lang='lat' dir='ltr'>admittit,</span> <span class='ocrx_word' id='word_1_74' title='bbox 970 717 1049 742; x_wconf 90' lang='lat' dir='ltr'>tum</span> <span class='ocrx_word' id='word_1_75' title='bbox 1068 705 1107 741; x_wconf 87' lang='lat' dir='ltr'>in</span> <span class='ocrx_word' id='word_1_76' title='bbox 1130 706 1389 746; x_wconf 81' lang='lat' dir='ltr'>orationibus,</span> <span class='ocrx_word' id='word_1_77' title='bbox 1422 716 1505 743; x_wconf 89' lang='lat' dir='ltr'>tum</span> <span class='ocrx_word' id='word_1_78' title='bbox 1533 706 1572 742; x_wconf 90' lang='lat' dir='ltr'>in</span> <span class='ocrx_word' id='word_1_79' title='bbox 1593 704 1676 752; x_wconf 85' lang='lat' dir='ltr'>epi-</span> 
     </span>
     <span class='ocr_line' id='line_1_9' title="bbox 138 753 1675 804; baseline 0 -14"><span class='ocrx_word' id='word_1_80' title='bbox 138 755 268 797; x_wconf 79' lang='lat' dir='ltr'>stolis,</span> <span class='ocrx_word' id='word_1_81' title='bbox 295 767 391 803; x_wconf 80' lang='lat' dir='ltr'>quae</span> <span class='ocrx_word' id='word_1_82' title='bbox 416 768 455 792; x_wconf 89' lang='lat' dir='ltr'>et</span> <span class='ocrx_word' id='word_1_83' title='bbox 476 754 575 802; x_wconf 83' lang='lat' dir='ltr'>ipsae</span> <span class='ocrx_word' id='word_1_84' title='bbox 607 753 690 791; x_wconf 88' lang='lat' dir='ltr'>sunt</span> <span class='ocrx_word' id='word_1_85' title='bbox 723 766 842 802; x_wconf 62' lang='lat' dir='ltr'>genus</span> <span class='ocrx_word' id='word_1_86' title='bbox 863 754 1048 792; x_wconf 84' lang='lat' dir='ltr'>orationis</span> <span class='ocrx_word' id='word_1_87' title='bbox 1077 755 1240 794; x_wconf 78' lang='lat' dir='ltr'>alienae,</span> <span class='ocrx_word' id='word_1_88' title='bbox 1285 756 1502 804; x_wconf 83' lang='lat' dir='ltr'>habentque</span> <span class='ocrx_word' id='word_1_89' title='bbox 1542 765 1675 792; x_wconf 77' lang='lat' dir='ltr'>natura</span> 
     </span>
     <span class='ocr_line' id='line_1_10' title="bbox 138 802 1673 855; baseline -0.002 -13"><span class='ocrx_word' id='word_1_90' title='bbox 138 807 202 846; x_wconf 79' lang='lat' dir='ltr'>fua</span> <span class='ocrx_word' id='word_1_91' title='bbox 224 805 306 842; x_wconf 87' lang='lat' dir='ltr'>fere</span> <span class='ocrx_word' id='word_1_92' title='bbox 327 805 509 842; x_wconf 82' lang='lat' dir='ltr'>maiorem</span> <span class='ocrx_word' id='word_1_93' title='bbox 533 804 800 843; x_wconf 77' lang='lat' dir='ltr'>obscuritatem</span> <span class='ocrx_word' id='word_1_94' title='bbox 820 809 918 853; x_wconf 71' lang='lat' dir='ltr'>apud</span> <span class='ocrx_word' id='word_1_95' title='bbox 941 818 1032 846; x_wconf 78' lang='lat' dir='ltr'>eos,</span> <span class='ocrx_word' id='word_1_96' title='bbox 1059 807 1123 855; x_wconf 88' lang='lat' dir='ltr'>qui</span> <span class='ocrx_word' id='word_1_97' title='bbox 1155 806 1290 855; x_wconf 86' lang='lat' dir='ltr'>legunt</span> <span class='ocrx_word' id='word_1_98' title='bbox 1318 806 1404 846; x_wconf 79' lang='lat' dir='ltr'>alii,</span> <span class='ocrx_word' id='word_1_99' title='bbox 1439 818 1552 854; x_wconf 81' lang='lat' dir='ltr'>quarn</span> <span class='ocrx_word' id='word_1_100' title='bbox 1573 802 1673 850; x_wconf 84' lang='lat' dir='ltr'>apud</span> 
     </span>
     <span class='ocr_line' id='line_1_11' title="bbox 137 854 1674 905; baseline -0.004 -8"><span class='ocrx_word' id='word_1_101' title='bbox 137 869 227 897; x_wconf 72' lang='lat' dir='ltr'>eos·</span> <span class='ocrx_word' id='word_1_102' title='bbox 265 855 404 904; x_wconf 65' lang='lat' dir='ltr'>qulbus</span> <span class='ocrx_word' id='word_1_103' title='bbox 433 854 591 902; x_wconf 83' lang='lat' dir='ltr'>scriptae</span> <span class='ocrx_word' id='word_1_104' title='bbox 624 856 710 893; x_wconf 86' lang='lat' dir='ltr'>sunt</span> <span class='ocrx_word' id='word_1_105' title='bbox 741 855 904 904; x_wconf 82' lang='lat' dir='ltr'><strong>proprie.</strong></span> <span class='ocrx_word' id='word_1_106' title='bbox 964 856 1078 898; x_wconf 83' lang='lat' dir='ltr'>Haec,</span> <span class='ocrx_word' id='word_1_107' title='bbox 1100 869 1186 894; x_wconf 85' lang='lat' dir='ltr'>cum</span> <span class='ocrx_word' id='word_1_108' title='bbox 1213 857 1250 893; x_wconf 86' lang='lat' dir='ltr'>P.</span> <span class='ocrx_word' id='word_1_109' title='bbox 1282 855 1489 905; x_wconf 72' lang='lat' dir='ltr'>expedierit</span> <span class='ocrx_word' id='word_1_110' title='bbox 1516 856 1553 892; x_wconf 89' lang='lat' dir='ltr'>se</span> <span class='ocrx_word' id='word_1_111' title='bbox 1584 854 1674 889; x_wconf 82' lang='lat' dir='ltr'>hinc</span> 
     </span>
     <span class='ocr_line' id='line_1_12' title="bbox 137 905 1672 955; baseline -0.002 -13"><span class='ocrx_word' id='word_1_112' title='bbox 137 919 210 955; x_wconf 88' lang='lat' dir='ltr'>pro</span> <span class='ocrx_word' id='word_1_113' title='bbox 228 905 423 947; x_wconf 73' lang='lat' dir='ltr'>facultate,</span> <span class='ocrx_word' id='word_1_114' title='bbox 453 905 650 953; x_wconf 81' lang='lat' dir='ltr'>pertinent</span> <span class='ocrx_word' id='word_1_115' title='bbox 670 906 828 942; x_wconf 82' lang='lat' dir='ltr'>maxime</span> <span class='ocrx_word' id='word_1_116' title='bbox 848 916 979 942; x_wconf 89' lang='lat' dir='ltr'>contra</span> <span class='ocrx_word' id='word_1_117' title='bbox 999 906 1187 943; x_wconf 79' lang='lat' dir='ltr'>novitates</span> <span class='ocrx_word' id='word_1_118' title='bbox 1212 907 1301 944; x_wconf 83' lang='lat' dir='ltr'>Mss.</span> <span class='ocrx_word' id='word_1_119' title='bbox 1316 931 1326 948; x_wconf 86' lang='lat'><em>‚</em></span> <span class='ocrx_word' id='word_1_120' title='bbox 1355 917 1449 955; x_wconf 82' lang='lat' dir='ltr'>quae</span> <span class='ocrx_word' id='word_1_121' title='bbox 1471 906 1509 941; x_wconf 89' lang='lat' dir='ltr'>iu</span> <span class='ocrx_word' id='word_1_122' title='bbox 1532 906 1672 942; x_wconf 74' lang='lat' dir='ltr'>summa</span> 
     </span>
     <span class='ocr_line' id='line_1_13' title="bbox 135 954 1673 1004; baseline -0.004 -10"><span class='ocrx_word' id='word_1_123' title='bbox 135 970 177 994; x_wconf 85' lang='lat' dir='ltr'>re</span> <span class='ocrx_word' id='word_1_124' title='bbox 207 955 466 996; x_wconf 85' lang='lat' dir='ltr'>consentiunt.</span> <span class='ocrx_word' id='word_1_125' title='bbox 493 967 536 992; x_wconf 88' lang='lat' dir='ltr'>ut</span> <span class='ocrx_word' id='word_1_126' title='bbox 556 968 659 992; x_wconf 88' lang='lat' dir='ltr'>error</span> <span class='ocrx_word' id='word_1_127' title='bbox 682 954 822 992; x_wconf 85' lang='lat' dir='ltr'>librarii</span> <span class='ocrx_word' id='word_1_128' title='bbox 849 955 964 992; x_wconf 87' lang='lat' dir='ltr'>modo</span> <span class='ocrx_word' id='word_1_129' title='bbox 985 956 1036 992; x_wconf 90' lang='lat' dir='ltr'>est</span> <span class='ocrx_word' id='word_1_130' title='bbox 1057 956 1096 994; x_wconf 86' lang='lat' dir='ltr'>in</span> <span class='ocrx_word' id='word_1_131' title='bbox 1118 959 1185 993; x_wconf 84' lang='lat' dir='ltr'>Ms.</span> <span class='ocrx_word' id='word_1_132' title='bbox 1202 957 1269 993; x_wconf 89' lang='lat' dir='ltr'>Ve.</span> <span class='ocrx_word' id='word_1_133' title='bbox 1289 968 1397 1004; x_wconf 77' lang='lat' dir='ltr'>pron.</span> <span class='ocrx_word' id='word_1_134' title='bbox 1420 960 1564 996; x_wconf 66' lang='grc' dir='ltr'>ἐκείνως,</span> <span class='ocrx_word' id='word_1_135' title='bbox 1582 965 1673 989; x_wconf 90' lang='lat' dir='ltr'>con-</span> 
     </span>
     <span class='ocr_line' id='line_1_14' title="bbox 133 1001 1677 1054; baseline -0.003 -10"><span class='ocrx_word' id='word_1_136' title='bbox 133 1004 223 1044; x_wconf 81' lang='lat' dir='ltr'>fufis</span> <span class='ocrx_word' id='word_1_137' title='bbox 245 1022 275 1044; x_wconf 83' lang='grc' dir='ltr'>οι</span> <span class='ocrx_word' id='word_1_138' title='bbox 299 1016 337 1042; x_wconf 84' lang='lat' dir='ltr'>et</span> <span class='ocrx_word' id='word_1_139' title='bbox 355 1022 393 1043; x_wconf 82' lang='grc' dir='ltr'>ου</span> <span class='ocrx_word' id='word_1_140' title='bbox 412 1006 574 1048; x_wconf 81' lang='lat' dir='ltr'>iterum,</span> <span class='ocrx_word' id='word_1_141' title='bbox 601 1017 685 1041; x_wconf 89' lang='lat' dir='ltr'>cum</span> <span class='ocrx_word' id='word_1_142' title='bbox 709 1004 817 1042; x_wconf 86' lang='lat' dir='ltr'>illum</span> <span class='ocrx_word' id='word_1_143' title='bbox 848 1018 921 1042; x_wconf 89' lang='lat' dir='ltr'>acc.</span> <span class='ocrx_word' id='word_1_144' title='bbox 939 1008 1004 1043; x_wconf 87' lang='lat' dir='ltr'>rel.</span> <span class='ocrx_word' id='word_1_145' title='bbox 1026 1007 1114 1044; x_wconf 80' lang='lat' dir='ltr'>Mss.</span> <span class='ocrx_word' id='word_1_146' title='bbox 1138 1006 1297 1054; x_wconf 81' lang='lat' dir='ltr'>postulet</span> <span class='ocrx_word' id='word_1_147' title='bbox 1325 1018 1360 1043; x_wconf 88' lang='grc' dir='ltr'>ν,</span> <span class='ocrx_word' id='word_1_148' title='bbox 1383 1013 1462 1053; x_wconf 71' lang='grc' dir='ltr'>φορ.</span> <span class='ocrx_word' id='word_1_149' title='bbox 1507 1006 1607 1041; x_wconf 89' lang='lat' dir='ltr'>Tum</span> <span class='ocrx_word' id='word_1_150' title='bbox 1630 1001 1677 1040; x_wconf 73' lang='lat' dir='ltr'>in</span> 
     </span>
     <span class='ocr_line' id='line_1_15' title="bbox 134 1050 1672 1105; baseline -0.004 -9"><span class='ocrx_word' id='word_1_151' title='bbox 134 1058 209 1096; x_wconf 63' lang='lat' dir='ltr'>M«.</span> <span class='ocrx_word' id='word_1_152' title='bbox 229 1055 332 1105; x_wconf 88' lang='lat' dir='ltr'>quod</span> <span class='ocrx_word' id='word_1_153' title='bbox 353 1055 561 1093; x_wconf 84' lang='lat' dir='ltr'>eiiciuntut</span> <span class='ocrx_word' id='word_1_154' title='bbox 583 1055 643 1093; x_wconf 82' lang='lat' dir='ltr'>illa</span> <span class='ocrx_word' id='word_1_155' title='bbox 665 1056 761 1096; x_wconf 64' lang='grc' dir='ltr'>αι’νας.</span> <span class='ocrx_word' id='word_1_156' title='bbox 782 1055 960 1099; x_wconf 68' lang='grc' dir='ltr'><em>κελεύσας,</em></span> <span class='ocrx_word' id='word_1_157' title='bbox 987 1055 1032 1093; x_wconf 84' lang='lat' dir='ltr'>fit</span> <span class='ocrx_word' id='word_1_158' title='bbox 1052 1056 1124 1093; x_wconf 89' lang='lat' dir='ltr'>hoc</span> <span class='ocrx_word' id='word_1_159' title='bbox 1149 1066 1345 1103; x_wconf 77' lang='lat' dir='ltr'>propterea</span> <span class='ocrx_word' id='word_1_160' title='bbox 1360 1082 1371 1097; x_wconf 88' lang='lat'><strong>.</strong></span> <span class='ocrx_word' id='word_1_161' title='bbox 1403 1055 1507 1104; x_wconf 88' lang='lat' dir='ltr'>quod</span> <span class='ocrx_word' id='word_1_162' title='bbox 1527 1050 1672 1091; x_wconf 71' lang='lat' dir='ltr'>Giolsa-</span> 
     </span>
     <span class='ocr_line' id='line_1_16' title="bbox 133 1105 1673 1154; baseline -0.003 -10"><span class='ocrx_word' id='word_1_163' title='bbox 133 1117 199 1144; x_wconf 75' lang='lat' dir='ltr'>tor</span> <span class='ocrx_word' id='word_1_164' title='bbox 220 1118 298 1143; x_wconf 87' lang='lat' dir='ltr'>non</span> <span class='ocrx_word' id='word_1_165' title='bbox 320 1106 457 1142; x_wconf 77' lang='lat' dir='ltr'>tolerat</span> <span class='ocrx_word' id='word_1_166' title='bbox 479 1105 602 1143; x_wconf 82' lang='lat' dir='ltr'>Nostri</span> <span class='ocrx_word' id='word_1_167' title='bbox 626 1105 900 1154; x_wconf 75' lang='lat' dir='ltr'>simplicitatem</span> <span class='ocrx_word' id='word_1_168' title='bbox 933 1107 970 1142; x_wconf 84' lang='lat' dir='ltr'>in</span> <span class='ocrx_word' id='word_1_169' title='bbox 993 1106 1203 1148; x_wconf 87' lang='lat' dir='ltr'>scribendo,</span> <span class='ocrx_word' id='word_1_170' title='bbox 1228 1118 1323 1154; x_wconf 83' lang='lat' dir='ltr'>quae</span> <span class='ocrx_word' id='word_1_171' title='bbox 1343 1105 1454 1143; x_wconf 84' lang='lat' dir='ltr'>habet</span> <span class='ocrx_word' id='word_1_172' title='bbox 1481 1105 1555 1141; x_wconf 84' lang='lat' dir='ltr'>hoc</span> <span class='ocrx_word' id='word_1_173' title='bbox 1576 1114 1673 1151; x_wconf 86' lang='lat' dir='ltr'>quo·</span> 
     </span>
     <span class='ocr_line' id='line_1_17' title="bbox 134 1154 1673 1205; baseline -0.003 -12"><span class='ocrx_word' id='word_1_174' title='bbox 134 1169 234 1205; x_wconf 82' lang='lat' dir='ltr'>que,</span> <span class='ocrx_word' id='word_1_175' title='bbox 259 1167 303 1193; x_wconf 91' lang='lat' dir='ltr'>ut</span> <span class='ocrx_word' id='word_1_176' title='bbox 331 1166 478 1203; x_wconf 80' lang='lat' dir='ltr'>repetat</span> <span class='ocrx_word' id='word_1_177' title='bbox 502 1155 706 1203; x_wconf 82' lang='lat' dir='ltr'>quaedam,</span> <span class='ocrx_word' id='word_1_178' title='bbox 733 1156 793 1193; x_wconf 88' lang='lat' dir='ltr'>hic</span> <span class='ocrx_word' id='word_1_179' title='bbox 813 1157 968 1204; x_wconf 84' lang='lat' dir='ltr'>quidem</span> <span class='ocrx_word' id='word_1_180' title='bbox 988 1169 1034 1192; x_wconf 89' lang='lat' dir='ltr'>eo</span> <span class='ocrx_word' id='word_1_181' title='bbox 1055 1156 1181 1193; x_wconf 86' lang='lat' dir='ltr'>minus</span> <span class='ocrx_word' id='word_1_182' title='bbox 1205 1155 1360 1197; x_wconf 75' lang='lat' dir='ltr'>vitiosa,</span> <span class='ocrx_word' id='word_1_183' title='bbox 1387 1154 1474 1203; x_wconf 86' lang='lat' dir='ltr'>quia</span> <span class='ocrx_word' id='word_1_184' title='bbox 1495 1164 1673 1201; x_wconf 72' lang='lat' dir='ltr'>repetun-</span> 
     </span>
     <span class='ocr_line' id='line_1_18' title="bbox 134 1204 1672 1254; baseline 0.001 -11"><span class='ocrx_word' id='word_1_185' title='bbox 134 1216 199 1243; x_wconf 84' lang='lat' dir='ltr'>tur</span> <span class='ocrx_word' id='word_1_186' title='bbox 217 1216 255 1242; x_wconf 88' lang='lat' dir='ltr'>et</span> <span class='ocrx_word' id='word_1_187' title='bbox 277 1205 457 1243; x_wconf 84' lang='lat' dir='ltr'>dicuntur</span> <span class='ocrx_word' id='word_1_188' title='bbox 487 1206 549 1243; x_wconf 85' lang='lat' dir='ltr'>illa</span> <span class='ocrx_word' id='word_1_189' title='bbox 567 1207 607 1242; x_wconf 87' lang='lat' dir='ltr'>in</span> <span class='ocrx_word' id='word_1_190' title='bbox 630 1219 671 1242; x_wconf 89' lang='lat' dir='ltr'>re</span> <span class='ocrx_word' id='word_1_191' title='bbox 697 1219 739 1243; x_wconf 87' lang='lat' dir='ltr'>ac</span> <span class='ocrx_word' id='word_1_192' title='bbox 761 1206 864 1242; x_wconf 83' lang='lat' dir='ltr'>causa</span> <span class='ocrx_word' id='word_1_193' title='bbox 887 1206 1051 1249; x_wconf 84' lang='lat' dir='ltr'>diversa,</span> <span class='ocrx_word' id='word_1_194' title='bbox 1077 1207 1164 1244; x_wconf 84' lang='lat' dir='ltr'>dum</span> <span class='ocrx_word' id='word_1_195' title='bbox 1192 1207 1312 1254; x_wconf 83' lang='lat' dir='ltr'>primo</span> <span class='ocrx_word' id='word_1_196' title='bbox 1349 1211 1464 1249; x_wconf 68' lang='grc' dir='ltr'><em>δημσσ·</em></span> <span class='ocrx_word' id='word_1_197' title='bbox 1494 1204 1591 1244; x_wconf 58' lang='lat' dir='ltr'>duas·-</span> <span class='ocrx_word' id='word_1_198' title='bbox 1613 1217 1672 1238; x_wconf 75' lang='grc' dir='ltr'>κ·-</span> 
     </span>
     <span class='ocr_line' id='line_1_19' title="bbox 133 1252 1671 1304; baseline -0.003 -12"><span class='ocrx_word' id='word_1_199' title='bbox 133 1252 227 1294; x_wconf 69' lang='grc' dir='ltr'><em>λεόει</em></span> <span class='ocrx_word' id='word_1_200' title='bbox 252 1255 302 1291; x_wconf 85' lang='lat' dir='ltr'>est</span> <span class='ocrx_word' id='word_1_201' title='bbox 328 1255 544 1292; x_wconf 76' lang='lat' dir='ltr'>mandatum</span> <span class='ocrx_word' id='word_1_202' title='bbox 564 1255 690 1292; x_wconf 87' lang='lat' dir='ltr'>Severi</span> <span class='ocrx_word' id='word_1_203' title='bbox 709 1257 753 1293; x_wconf 78' lang='lat' dir='ltr'>ad</span> <span class='ocrx_word' id='word_1_204' title='bbox 776 1267 865 1297; x_wconf 90' lang='lat' dir='ltr'>eos,</span> <span class='ocrx_word' id='word_1_205' title='bbox 893 1257 955 1304; x_wconf 86' lang='lat' dir='ltr'>qui</span> <span class='ocrx_word' id='word_1_206' title='bbox 981 1268 1094 1304; x_wconf 79' lang='lat' dir='ltr'>caput</span> <span class='ocrx_word' id='word_1_207' title='bbox 1114 1256 1241 1293; x_wconf 79' lang='lat' dir='ltr'>Albini</span> <span class='ocrx_word' id='word_1_208' title='bbox 1262 1255 1452 1296; x_wconf 73' lang='lat' dir='ltr'>ferebant,</span> <span class='ocrx_word' id='word_1_209' title='bbox 1492 1263 1671 1300; x_wconf 80' lang='lat' dir='ltr'>extraque</span> 
     </span>
     <span class='ocr_line' id='line_1_20' title="bbox 133 1303 1671 1354; baseline -0.002 -11"><span class='ocrx_word' id='word_1_210' title='bbox 133 1306 353 1354; x_wconf 80' lang='lat' dir='ltr'>epistolam,</span> <span class='ocrx_word' id='word_1_211' title='bbox 377 1304 438 1342; x_wconf 90' lang='lat' dir='ltr'>sed</span> <span class='ocrx_word' id='word_1_212' title='bbox 459 1305 660 1342; x_wconf 87' lang='lat' dir='ltr'>secundum</span> <span class='ocrx_word' id='word_1_213' title='bbox 683 1305 912 1349; x_wconf 57' lang='lat' dir='ltr'>&amp;suom—:Em</span> <span class='ocrx_word' id='word_1_214' title='bbox 931 1318 1001 1344; x_wconf 71' lang='lat' dir='ltr'>m.</span> <span class='ocrx_word' id='word_1_215' title='bbox 1027 1305 1193 1353; x_wconf 85' lang='lat' dir='ltr'>pertinet</span> <span class='ocrx_word' id='word_1_216' title='bbox 1222 1306 1265 1340; x_wconf 83' lang='lat' dir='ltr'>ad</span> <span class='ocrx_word' id='word_1_217' title='bbox 1290 1307 1397 1342; x_wconf 81' lang='lat' dir='ltr'>verba</span> <span class='ocrx_word' id='word_1_218' title='bbox 1418 1303 1592 1352; x_wconf 77' lang='lat' dir='ltr'>epistolae</span> <span class='ocrx_word' id='word_1_219' title='bbox 1612 1303 1671 1350; x_wconf 87' lang='lat' dir='ltr'>ip-</span> 
     </span>
     <span class='ocr_line' id='line_1_21' title="bbox 133 1353 1672 1403; baseline -0.005 -9"><span class='ocrx_word' id='word_1_220' title='bbox 133 1355 221 1398; x_wconf 81' lang='lat' dir='ltr'>fius,</span> <span class='ocrx_word' id='word_1_221' title='bbox 248 1353 313 1392; x_wconf 86' lang='lat' dir='ltr'>ubi</span> <span class='ocrx_word' id='word_1_222' title='bbox 337 1355 420 1391; x_wconf 86' lang='lat' dir='ltr'>sane</span> <span class='ocrx_word' id='word_1_223' title='bbox 443 1356 582 1392; x_wconf 87' lang='lat' dir='ltr'>Severo</span> <span class='ocrx_word' id='word_1_224' title='bbox 607 1356 737 1397; x_wconf 85' lang='lat' dir='ltr'>licuit,</span> <span class='ocrx_word' id='word_1_225' title='bbox 766 1367 938 1403; x_wconf 84' lang='lat' dir='ltr'>repetere</span> <span class='ocrx_word' id='word_1_226' title='bbox 959 1355 1125 1403; x_wconf 86' lang='lat' dir='ltr'>scripto,</span> <span class='ocrx_word' id='word_1_227' title='bbox 1153 1368 1246 1402; x_wconf 79' lang='lat' dir='ltr'>quae</span> <span class='ocrx_word' id='word_1_228' title='bbox 1269 1369 1335 1392; x_wconf 87' lang='lat' dir='ltr'>ore</span> <span class='ocrx_word' id='word_1_229' title='bbox 1356 1353 1576 1394; x_wconf 55' lang='lat' dir='ltr'>mandassem</span> <span class='ocrx_word' id='word_1_230' title='bbox 1601 1363 1672 1388; x_wconf 85' lang='lat' dir='ltr'>un·</span> 
     </span>
     <span class='ocr_line' id='line_1_22' title="bbox 132 1401 1670 1452; baseline -0.003 -10"><span class='ocrx_word' id='word_1_231' title='bbox 132 1406 183 1442; x_wconf 87' lang='lat' dir='ltr'>de</span> <span class='ocrx_word' id='word_1_232' title='bbox 208 1405 309 1441; x_wconf 86' lang='lat' dir='ltr'>idem</span> <span class='ocrx_word' id='word_1_233' title='bbox 328 1403 434 1442; x_wconf 83' lang='lat' dir='ltr'>licuit</span> <span class='ocrx_word' id='word_1_234' title='bbox 456 1405 605 1441; x_wconf 81' lang='lat' dir='ltr'>Nostro.</span> <span class='ocrx_word' id='word_1_235' title='bbox 657 1404 731 1442; x_wconf 87' lang='lat' dir='ltr'>Sed</span> <span class='ocrx_word' id='word_1_236' title='bbox 762 1405 892 1442; x_wconf 87' lang='lat' dir='ltr'>eadem</span> <span class='ocrx_word' id='word_1_237' title='bbox 918 1405 1074 1442; x_wconf 85' lang='lat' dir='ltr'>eiecerit</span> <span class='ocrx_word' id='word_1_238' title='bbox 1096 1404 1285 1442; x_wconf 67' lang='lat' dir='ltr'>Gloss‘ator</span> <span class='ocrx_word' id='word_1_239' title='bbox 1317 1416 1470 1452; x_wconf 85' lang='lat' dir='ltr'>quoque</span> <span class='ocrx_word' id='word_1_240' title='bbox 1500 1403 1594 1438; x_wconf 80' lang='lat' dir='ltr'>hanc</span> <span class='ocrx_word' id='word_1_241' title='bbox 1618 1401 1670 1438; x_wconf 88' lang='lat' dir='ltr'>ob</span> 
     </span>
     <span class='ocr_line' id='line_1_23' title="bbox 133 1452 1672 1503; baseline -0.001 -11"><span class='ocrx_word' id='word_1_242' title='bbox 133 1455 279 1493; x_wconf 72' lang='lat' dir='ltr'>caulam</span> <span class='ocrx_word' id='word_1_243' title='bbox 295 1478 306 1496; x_wconf 91' lang='lat'><strong>,</strong></span> <span class='ocrx_word' id='word_1_244' title='bbox 334 1454 419 1503; x_wconf 85' lang='lat' dir='ltr'>quia</span> <span class='ocrx_word' id='word_1_245' title='bbox 450 1467 531 1492; x_wconf 88' lang='lat' dir='ltr'>non</span> <span class='ocrx_word' id='word_1_246' title='bbox 565 1454 684 1503; x_wconf 83' lang='lat' dir='ltr'>posset</span> <span class='ocrx_word' id='word_1_247' title='bbox 703 1455 905 1492; x_wconf 79' lang='lat' dir='ltr'>conciliare</span> <span class='ocrx_word' id='word_1_248' title='bbox 924 1452 1090 1498; x_wconf 66' lang='grc' dir='ltr'>κελεύσας</span> <span class='ocrx_word' id='word_1_249' title='bbox 1110 1467 1193 1492; x_wconf 88' lang='lat' dir='ltr'>cum</span> <span class='ocrx_word' id='word_1_250' title='bbox 1216 1453 1279 1490; x_wconf 87' lang='lat' dir='ltr'>inf.</span> <span class='ocrx_word' id='word_1_251' title='bbox 1301 1463 1453 1499; x_wconf 67' lang='grc' dir='ltr'><strong><em>πεπομφ.</em></strong></span> <span class='ocrx_word' id='word_1_252' title='bbox 1468 1478 1480 1495; x_wconf 82' lang='lat'><em>,</em></span> <span class='ocrx_word' id='word_1_253' title='bbox 1505 1463 1672 1501; x_wconf 86' lang='lat' dir='ltr'>quocum</span> 
     </span>
     <span class='ocr_line' id='line_1_24' title="bbox 133 1502 1707 1552; baseline -0.004 -9"><span class='ocrx_word' id='word_1_254' title='bbox 133 1517 261 1543; x_wconf 84' lang='lat' dir='ltr'>tamen</span> <span class='ocrx_word' id='word_1_255' title='bbox 288 1505 394 1552; x_wconf 81' lang='lat' dir='ltr'>saepe</span> <span class='ocrx_word' id='word_1_256' title='bbox 417 1506 465 1541; x_wconf 86' lang='lat' dir='ltr'>est</span> <span class='ocrx_word' id='word_1_257' title='bbox 485 1505 742 1542; x_wconf 81' lang='lat' dir='ltr'>nominativus</span> <span class='ocrx_word' id='word_1_258' title='bbox 766 1505 964 1552; x_wconf 85' lang='lat' dir='ltr'>personae,</span> <span class='ocrx_word' id='word_1_259' title='bbox 992 1517 1103 1552; x_wconf 85' lang='lat' dir='ltr'>quem</span> <span class='ocrx_word' id='word_1_260' title='bbox 1128 1505 1246 1552; x_wconf 83' lang='lat' dir='ltr'>perite</span> <span class='ocrx_word' id='word_1_261' title='bbox 1267 1507 1327 1552; x_wconf 80' lang='lat' dir='ltr'>ssg.</span> <span class='ocrx_word' id='word_1_262' title='bbox 1350 1503 1510 1540; x_wconf 83' lang='lat' dir='ltr'>mutavit</span> <span class='ocrx_word' id='word_1_263' title='bbox 1527 1502 1566 1538; x_wconf 89' lang='lat' dir='ltr'>in</span> <span class='ocrx_word' id='word_1_264' title='bbox 1589 1513 1673 1537; x_wconf 86' lang='lat' dir='ltr'>ora·</span> <span class='ocrx_word' id='word_1_265' title='bbox 1705 1506 1707 1517; x_wconf 93' lang='lat'>&#39;</span> 
     </span>
     <span class='ocr_line' id='line_1_25' title="bbox 132 1549 1670 1603; baseline -0.004 -11"><span class='ocrx_word' id='word_1_266' title='bbox 132 1553 281 1593; x_wconf 69' lang='lat' dir='ltr'>tionem</span> <span class='ocrx_word' id='word_1_267' title='bbox 312 1554 531 1603; x_wconf 83' lang='lat' dir='ltr'>obliquam,</span> <span class='ocrx_word' id='word_1_268' title='bbox 568 1567 663 1603; x_wconf 84' lang='lat' dir='ltr'>quae</span> <span class='ocrx_word' id='word_1_269' title='bbox 685 1567 816 1603; x_wconf 80' lang='lat' dir='ltr'>coepta</span> <span class='ocrx_word' id='word_1_270' title='bbox 847 1565 947 1597; x_wconf 85' lang='lat' dir='ltr'>erat,·</span> <span class='ocrx_word' id='word_1_271' title='bbox 974 1556 1062 1592; x_wconf 89' lang='lat' dir='ltr'>dum</span> <span class='ocrx_word' id='word_1_272' title='bbox 1091 1567 1140 1591; x_wconf 89' lang='lat' dir='ltr'>ne</span> <span class='ocrx_word' id='word_1_273' title='bbox 1171 1552 1394 1601; x_wconf 71' lang='lat' dir='ltr'>processisset</span> <span class='ocrx_word' id='word_1_274' title='bbox 1422 1552 1575 1602; x_wconf 87' lang='lat' dir='ltr'>quidem</span> <span class='ocrx_word' id='word_1_275' title='bbox 1599 1549 1670 1587; x_wconf 86' lang='lat' dir='ltr'>inf.</span> 
     </span>
     <span class='ocr_line' id='line_1_26' title="bbox 130 1602 1672 1654; baseline -0.005 -11"><span class='ocrx_word' id='word_1_276' title='bbox 130 1607 294 1647; x_wconf 66' lang='lat' dir='ltr'>xeasie&#39;em</span> <span class='ocrx_word' id='word_1_277' title='bbox 318 1604 392 1641; x_wconf 81' lang='lat' dir='ltr'>line</span> <span class='ocrx_word' id='word_1_278' title='bbox 416 1605 550 1652; x_wconf 84' lang='lat' dir='ltr'>copula</span> <span class='ocrx_word' id='word_1_279' title='bbox 573 1605 731 1654; x_wconf 81' lang='lat' dir='ltr'>quadam</span> <span class='ocrx_word' id='word_1_280' title='bbox 754 1606 797 1641; x_wconf 83' lang='lat' dir='ltr'>ad</span> <span class='ocrx_word' id='word_1_281' title='bbox 821 1607 1027 1642; x_wconf 80' lang='lat' dir='ltr'>membrum</span> <span class='ocrx_word' id='word_1_282' title='bbox 1051 1607 1167 1649; x_wconf 60' lang='grc' dir='ltr'><em>δῆμος.</em></span> <span class='ocrx_word' id='word_1_283' title='bbox 1189 1619 1321 1651; x_wconf 61' lang='grc' dir='ltr'>περιοπ.</span> <span class='ocrx_word' id='word_1_284' title='bbox 1340 1603 1390 1641; x_wconf 78' lang='grc' dir='ltr'>οἶν.</span> <span class='ocrx_word' id='word_1_285' title='bbox 1407 1629 1418 1646; x_wconf 84' lang='grc'><em>,</em></span> <span class='ocrx_word' id='word_1_286' title='bbox 1445 1602 1592 1651; x_wconf 79' lang='lat' dir='ltr'>qualem</span> <span class='ocrx_word' id='word_1_287' title='bbox 1607 1613 1672 1636; x_wconf 92' lang='lat' dir='ltr'>co·</span> 
     </span>
     <span class='ocr_line' id='line_1_27' title="bbox 130 1652 1672 1704; baseline -0.002 -13"><span class='ocrx_word' id='word_1_288' title='bbox 130 1656 261 1704; x_wconf 83' lang='lat' dir='ltr'>pulam</span> <span class='ocrx_word' id='word_1_289' title='bbox 282 1668 353 1691; x_wconf 74' lang='lat' dir='ltr'>nec</span> <span class='ocrx_word' id='word_1_290' title='bbox 375 1655 539 1691; x_wconf 79' lang='lat' dir='ltr'>ostendit</span> <span class='ocrx_word' id='word_1_291' title='bbox 561 1655 620 1697; x_wconf 87' lang='grc' dir='ltr'>Ρ.,</span> <span class='ocrx_word' id='word_1_292' title='bbox 647 1654 793 1691; x_wconf 86' lang='lat' dir='ltr'>servans</span> <span class='ocrx_word' id='word_1_293' title='bbox 818 1666 942 1691; x_wconf 86' lang='lat' dir='ltr'>tamen</span> <span class='ocrx_word' id='word_1_294' title='bbox 967 1655 1095 1690; x_wconf 87' lang='lat' dir='ltr'>saltem</span> <span class='ocrx_word' id='word_1_295' title='bbox 1115 1654 1184 1690; x_wconf 83' lang='lat' dir='ltr'>tria</span> <span class='ocrx_word' id='word_1_296' title='bbox 1205 1653 1263 1690; x_wconf 87' lang='lat' dir='ltr'>illa</span> <span class='ocrx_word' id='word_1_297' title='bbox 1283 1657 1359 1698; x_wconf 66' lang='grc' dir='ltr'>δημ.</span> <span class='ocrx_word' id='word_1_298' title='bbox 1377 1652 1536 1698; x_wconf 65' lang='lat' dir='ltr'>aesgmiv..</span> <span class='ocrx_word' id='word_1_299' title='bbox 1551 1662 1672 1702; x_wconf 80' lang='lat' dir='ltr'>quan-</span> 
     </span>
     <span class='ocr_line' id='line_1_28' title="bbox 132 1702 1671 1754; baseline -0.003 -13"><span class='ocrx_word' id='word_1_300' title='bbox 132 1717 246 1754; x_wconf 86' lang='lat' dir='ltr'>quam</span> <span class='ocrx_word' id='word_1_301' title='bbox 268 1705 437 1752; x_wconf 68' lang='lat' dir='ltr'>oblique.</span> <span class='ocrx_word' id='word_1_302' title='bbox 482 1705 683 1753; x_wconf 82' lang='lat' dir='ltr'>Reliquam</span> <span class='ocrx_word' id='word_1_303' title='bbox 695 1706 783 1741; x_wconf 78' lang='lat' dir='ltr'>Mss.</span> <span class='ocrx_word' id='word_1_304' title='bbox 805 1704 1005 1741; x_wconf 70' lang='lat' dir='ltr'>leffionem</span> <span class='ocrx_word' id='word_1_305' title='bbox 1040 1705 1151 1740; x_wconf 87' lang='lat' dir='ltr'>modo</span> <span class='ocrx_word' id='word_1_306' title='bbox 1179 1703 1354 1739; x_wconf 70' lang='lat' dir='ltr'>laudabat</span> <span class='ocrx_word' id='word_1_307' title='bbox 1377 1702 1565 1744; x_wconf 83' lang='lat' dir='ltr'>Strothus‚</span> <span class='ocrx_word' id='word_1_308' title='bbox 1588 1711 1671 1738; x_wconf 85' lang='lat' dir='ltr'>non</span> 
     </span>
     <span class='ocr_line' id='line_1_29' title="bbox 129 1750 1672 1803; baseline -0.001 -11"><span class='ocrx_word' id='word_1_309' title='bbox 129 1756 315 1792; x_wconf 86' lang='lat' dir='ltr'>vertebat.</span> <span class='ocrx_word' id='word_1_310' title='bbox 370 1755 450 1791; x_wconf 78' lang='lat' dir='ltr'>Nos</span> <span class='ocrx_word' id='word_1_311' title='bbox 470 1752 518 1789; x_wconf 79' lang='lat' dir='ltr'>fic</span> <span class='ocrx_word' id='word_1_312' title='bbox 534 1753 638 1790; x_wconf 73' lang='lat' dir='ltr'>simul</span> <span class='ocrx_word' id='word_1_313' title='bbox 661 1754 986 1803; x_wconf 84' lang='lat' dir='ltr'>interpungamus,</span> <span class='ocrx_word' id='word_1_314' title='bbox 1015 1754 1067 1791; x_wconf 69' lang='grc' dir='ltr'>ἵνα</span> <span class='ocrx_word' id='word_1_315' title='bbox 1098 1751 1164 1791; x_wconf 73' lang='grc' dir='ltr'>οἶόν</span> <span class='ocrx_word' id='word_1_316' title='bbox 1190 1768 1254 1799; x_wconf 69' lang='grc' dir='ltr'>περ</span> <span class='ocrx_word' id='word_1_317' title='bbox 1283 1759 1337 1790; x_wconf 67' lang='grc' dir='ltr'>καὶ</span> <span class='ocrx_word' id='word_1_318' title='bbox 1357 1750 1493 1800; x_wconf 64' lang='grc' dir='ltr'><strong><em>φοβῆσῃ</em></strong></span> <span class='ocrx_word' id='word_1_319' title='bbox 1514 1756 1672 1792; x_wconf 68' lang='grc' dir='ltr'><strong><em>ἐκείνους·</em></strong></span> 
     </span>
     <span class='ocr_line' id='line_1_30' title="bbox 129 1800 1672 1851; baseline -0.005 -8"><span class='ocrx_word' id='word_1_320' title='bbox 129 1813 189 1844; x_wconf 71' lang='grc' dir='ltr'>καὶ</span> <span class='ocrx_word' id='word_1_321' title='bbox 210 1805 270 1847; x_wconf 54' lang='grc' dir='ltr'>τήν</span> <span class='ocrx_word' id='word_1_322' title='bbox 290 1803 418 1850; x_wconf 60' lang='grc' dir='ltr'><em>ὄργῆν.</em></span> <span class='ocrx_word' id='word_1_323' title='bbox 444 1800 480 1846; x_wconf 58' lang='grc' dir='ltr'>ἣν</span> <span class='ocrx_word' id='word_1_324' title='bbox 509 1809 694 1850; x_wconf 62' lang='grc' dir='ltr'><em>ἐπεφέρετο</em></span> <span class='ocrx_word' id='word_1_325' title='bbox 725 1813 780 1842; x_wconf 76' lang='grc' dir='ltr'>καὶ</span> <span class='ocrx_word' id='word_1_326' title='bbox 799 1803 877 1841; x_wconf 81' lang='grc' dir='ltr'><strong>κκτ’</strong></span> <span class='ocrx_word' id='word_1_327' title='bbox 894 1804 1025 1845; x_wconf 51' lang='lat' dir='ltr'>aiii-ah,</span> <span class='ocrx_word' id='word_1_328' title='bbox 1049 1807 1256 1850; x_wconf 53' lang='grc' dir='ltr'>ἐνδείξηται,</span> <span class='ocrx_word' id='word_1_329' title='bbox 1282 1813 1323 1839; x_wconf 84' lang='lat' dir='ltr'>ut</span> <span class='ocrx_word' id='word_1_330' title='bbox 1342 1803 1457 1839; x_wconf 83' lang='lat' dir='ltr'>veluti</span> <span class='ocrx_word' id='word_1_331' title='bbox 1486 1801 1510 1838; x_wconf 86' lang='lat' dir='ltr'>s.</span> <span class='ocrx_word' id='word_1_332' title='bbox 1530 1800 1672 1851; x_wconf 71' lang='lat' dir='ltr'>scilicet</span> 
     </span>
     <span class='ocr_line' id='line_1_31' title="bbox 129 1850 1672 1904; baseline -0.004 -12"><span class='ocrx_word' id='word_1_333' title='bbox 129 1866 214 1892; x_wconf 84' lang='lat' dir='ltr'>tum</span> <span class='ocrx_word' id='word_1_334' title='bbox 236 1854 518 1895; x_wconf 65' lang='lat' dir='ltr'>terrei-etium,</span> <span class='ocrx_word' id='word_1_335' title='bbox 546 1864 620 1889; x_wconf 75' lang='lat' dir='ltr'>tum</span> <span class='ocrx_word' id='word_1_336' title='bbox 641 1854 747 1895; x_wconf 85' lang='lat' dir='ltr'>iram,</span> <span class='ocrx_word' id='word_1_337' title='bbox 774 1867 878 1904; x_wconf 82' lang='lat' dir='ltr'>quam</span> <span class='ocrx_word' id='word_1_338' title='bbox 899 1853 1016 1891; x_wconf 79' lang='lat' dir='ltr'>ferret</span> <span class='ocrx_word' id='word_1_339' title='bbox 1033 1854 1144 1890; x_wconf 80' lang='lat' dir='ltr'>etiam</span> <span class='ocrx_word' id='word_1_340' title='bbox 1165 1853 1336 1890; x_wconf 81' lang='lat' dir='ltr'>adversus</span> <span class='ocrx_word' id='word_1_341' title='bbox 1357 1851 1480 1898; x_wconf 81' lang='lat' dir='ltr'>ipsos,</span> <span class='ocrx_word' id='word_1_342' title='bbox 1511 1850 1672 1901; x_wconf 78' lang='lat' dir='ltr'>ostende·</span> 
     </span>
     <span class='ocr_line' id='line_1_32' title="bbox 131 1900 1672 1951; baseline -0.004 -9"><span class='ocrx_word' id='word_1_343' title='bbox 131 1915 204 1942; x_wconf 84' lang='lat' dir='ltr'>ret.</span> <span class='ocrx_word' id='word_1_344' title='bbox 252 1903 387 1950; x_wconf 64' lang='lat' dir='ltr'>Hier)</span> <span class='ocrx_word' id='word_1_345' title='bbox 409 1905 528 1941; x_wconf 88' lang='lat' dir='ltr'>sermo</span> <span class='ocrx_word' id='word_1_346' title='bbox 552 1905 601 1940; x_wconf 75' lang='lat' dir='ltr'>est</span> <span class='ocrx_word' id='word_1_347' title='bbox 620 1904 666 1940; x_wconf 88' lang='lat' dir='ltr'>de</span> <span class='ocrx_word' id='word_1_348' title='bbox 687 1915 759 1940; x_wconf 82' lang='lat' dir='ltr'>una</span> <span class='ocrx_word' id='word_1_349' title='bbox 775 1915 924 1940; x_wconf 82' lang='lat' dir='ltr'>tantum</span> <span class='ocrx_word' id='word_1_350' title='bbox 947 1902 1063 1950; x_wconf 84' lang='lat' dir='ltr'>pers.,</span> <span class='ocrx_word' id='word_1_351' title='bbox 1093 1902 1139 1940; x_wconf 85' lang='lat' dir='ltr'>de</span> <span class='ocrx_word' id='word_1_352' title='bbox 1161 1901 1290 1939; x_wconf 81' lang='lat' dir='ltr'>Albini</span> <span class='ocrx_word' id='word_1_353' title='bbox 1308 1900 1449 1944; x_wconf 74' lang='lat' dir='ltr'>amicis,</span> <span class='ocrx_word' id='word_1_354' title='bbox 1476 1914 1573 1951; x_wconf 79' lang='lat' dir='ltr'>quos</span> <span class='ocrx_word' id='word_1_355' title='bbox 1587 1901 1672 1937; x_wconf 89' lang='lat' dir='ltr'>No-</span> 
     </span>
     <span class='ocr_line' id='line_1_33' title="bbox 131 1951 1669 2000; baseline -0.005 -7"><span class='ocrx_word' id='word_1_356' title='bbox 131 1955 205 1993; x_wconf 85' lang='lat' dir='ltr'>ster</span> <span class='ocrx_word' id='word_1_357' title='bbox 225 1953 341 1990; x_wconf 87' lang='lat' dir='ltr'>modo</span> <span class='ocrx_word' id='word_1_358' title='bbox 363 1954 579 1991; x_wconf 86' lang='lat' dir='ltr'>nominarat</span> <span class='ocrx_word' id='word_1_359' title='bbox 598 1952 630 2000; x_wconf 82' lang='lat'>§.</span> <span class='ocrx_word' id='word_1_360' title='bbox 656 1966 707 1995; x_wconf 83' lang='lat' dir='ltr'>r.‚</span> <span class='ocrx_word' id='word_1_361' title='bbox 736 1953 795 1989; x_wconf 83' lang='lat' dir='ltr'>sed</span> <span class='ocrx_word' id='word_1_362' title='bbox 817 1952 911 1990; x_wconf 82' lang='lat' dir='ltr'>nihil</span> <span class='ocrx_word' id='word_1_363' title='bbox 928 1953 1073 2000; x_wconf 88' lang='lat' dir='ltr'>prorsus</span> <span class='ocrx_word' id='word_1_364' title='bbox 1094 1952 1140 1989; x_wconf 89' lang='lat' dir='ltr'>de</span> <span class='ocrx_word' id='word_1_365' title='bbox 1164 1952 1322 2000; x_wconf 85' lang='lat' dir='ltr'>populo,</span> <span class='ocrx_word' id='word_1_366' title='bbox 1348 1951 1391 1987; x_wconf 85' lang='lat' dir='ltr'>ad</span> <span class='ocrx_word' id='word_1_367' title='bbox 1406 1963 1520 1999; x_wconf 87' lang='lat' dir='ltr'>quem</span> <span class='ocrx_word' id='word_1_368' title='bbox 1542 1961 1669 1988; x_wconf 86' lang='lat' dir='ltr'>tamen</span> 
     </span>
     <span class='ocr_line' id='line_1_34' title="bbox 130 1995 1670 2055; baseline -0.003 -14"><span class='ocrx_word' id='word_1_369' title='bbox 130 2003 302 2055; x_wconf 85' lang='lat' dir='ltr'>proxima</span> <span class='ocrx_word' id='word_1_370' title='bbox 325 2003 568 2052; x_wconf 83' lang='lat' dir='ltr'>pertinebant</span> <span class='ocrx_word' id='word_1_371' title='bbox 589 2015 628 2041; x_wconf 89' lang='lat' dir='ltr'>et</span> <span class='ocrx_word' id='word_1_372' title='bbox 646 2002 745 2051; x_wconf 81' lang='lat' dir='ltr'>ipsae</span> <span class='ocrx_word' id='word_1_373' title='bbox 757 2004 884 2040; x_wconf 86' lang='lat' dir='ltr'>Severi</span> <span class='ocrx_word' id='word_1_374' title='bbox 909 2003 1069 2044; x_wconf 81' lang='lat' dir='ltr'>litterae,</span> <span class='ocrx_word' id='word_1_375' title='bbox 1096 2014 1113 2037; x_wconf 78' lang='lat' dir='ltr'>a</span> <span class='ocrx_word' id='word_1_376' title='bbox 1128 2003 1263 2040; x_wconf 75' lang='lat' dir='ltr'>Nostro</span> <span class='ocrx_word' id='word_1_377' title='bbox 1286 2003 1438 2043; x_wconf 83' lang='lat' dir='ltr'>relatae,</span> <span class='ocrx_word' id='word_1_378' title='bbox 1465 2003 1502 2046; x_wconf 85' lang='lat'>2)</span> <span class='ocrx_word' id='word_1_379' title='bbox 1518 1995 1586 2039; x_wconf 74' lang='grc' dir='ltr'>οἷᾶν</span> <span class='ocrx_word' id='word_1_380' title='bbox 1603 2015 1670 2046; x_wconf 67' lang='grc' dir='ltr'>περ</span> 
     </span>
     <span class='ocr_line' id='line_1_35' title="bbox 130 2049 1670 2103; baseline -0.005 -11"><span class='ocrx_word' id='word_1_381' title='bbox 130 2068 211 2092; x_wconf 88' lang='lat' dir='ltr'>non</span> <span class='ocrx_word' id='word_1_382' title='bbox 233 2054 305 2095; x_wconf 89' lang='lat' dir='ltr'>est,</span> <span class='ocrx_word' id='word_1_383' title='bbox 331 2065 375 2091; x_wconf 88' lang='lat' dir='ltr'>ut</span> <span class='ocrx_word' id='word_1_384' title='bbox 396 2055 435 2090; x_wconf 89' lang='lat' dir='ltr'>in</span> <span class='ocrx_word' id='word_1_385' title='bbox 453 2054 556 2103; x_wconf 80' lang='lat' dir='ltr'>vulg.</span> <span class='ocrx_word' id='word_1_386' title='bbox 575 2053 754 2094; x_wconf 64' lang='lat' dir='ltr'>leftione,</span> <span class='ocrx_word' id='word_1_387' title='bbox 772 2064 999 2100; x_wconf 75' lang='lat' dir='ltr'>pronomen,</span> <span class='ocrx_word' id='word_1_388' title='bbox 1026 2052 1086 2090; x_wconf 90' lang='lat' dir='ltr'>sed</span> <span class='ocrx_word' id='word_1_389' title='bbox 1107 2052 1187 2088; x_wconf 84' lang='lat' dir='ltr'>adv.</span> <span class='ocrx_word' id='word_1_390' title='bbox 1202 2078 1211 2094; x_wconf 91' lang='lat'>,</span> <span class='ocrx_word' id='word_1_391' title='bbox 1246 2064 1322 2100; x_wconf 91' lang='lat' dir='ltr'>quo</span> <span class='ocrx_word' id='word_1_392' title='bbox 1350 2051 1454 2088; x_wconf 84' lang='lat' dir='ltr'>sensu</span> <span class='ocrx_word' id='word_1_393' title='bbox 1483 2051 1568 2088; x_wconf 84' lang='lat' dir='ltr'>sane</span> <span class='ocrx_word' id='word_1_394' title='bbox 1588 2049 1670 2086; x_wconf 79' lang='lat' dir='ltr'>fim-</span> 
     </span>
     <span class='ocr_line' id='line_1_36' title="bbox 130 2099 1670 2154; baseline -0.004 -13"><span class='ocrx_word' id='word_1_395' title='bbox 130 2105 218 2154; x_wconf 78' lang='lat' dir='ltr'>plex</span> <span class='ocrx_word' id='word_1_396' title='bbox 240 2102 305 2141; x_wconf 78' lang='grc' dir='ltr'><em>οἷον</em></span> <span class='ocrx_word' id='word_1_397' title='bbox 334 2102 512 2147; x_wconf 81' lang='lat' dir='ltr'>occurrit;</span> <span class='ocrx_word' id='word_1_398' title='bbox 539 2103 655 2146; x_wconf 86' lang='lat' dir='ltr'>unde,</span> <span class='ocrx_word' id='word_1_399' title='bbox 683 2114 768 2139; x_wconf 87' lang='lat' dir='ltr'>cum</span> <span class='ocrx_word' id='word_1_400' title='bbox 790 2102 829 2139; x_wconf 89' lang='lat' dir='ltr'>in</span> <span class='ocrx_word' id='word_1_401' title='bbox 847 2102 948 2152; x_wconf 83' lang='lat' dir='ltr'>vulg.</span> <span class='ocrx_word' id='word_1_402' title='bbox 962 2102 1126 2139; x_wconf 49' lang='lat' dir='ltr'>lectione</span> <span class='ocrx_word' id='word_1_403' title='bbox 1148 2101 1225 2151; x_wconf 88' lang='lat' dir='ltr'>post</span> <span class='ocrx_word' id='word_1_404' title='bbox 1243 2103 1295 2139; x_wconf 73' lang='grc' dir='ltr'>ἵνα</span> <span class='ocrx_word' id='word_1_405' title='bbox 1316 2099 1394 2138; x_wconf 80' lang='lat' dir='ltr'>fieri</span> <span class='ocrx_word' id='word_1_406' title='bbox 1417 2099 1550 2138; x_wconf 75' lang='lat' dir='ltr'>debeat</span> <span class='ocrx_word' id='word_1_407' title='bbox 1567 2111 1670 2136; x_wconf 88' lang='lat' dir='ltr'>com-</span> 
     </span>
     <span class='ocr_line' id='line_1_37' title="bbox 130 2149 1671 2198; baseline -0.005 -6"><span class='ocrx_word' id='word_1_408' title='bbox 130 2167 206 2195; x_wconf 87' lang='lat' dir='ltr'>ma,</span> <span class='ocrx_word' id='word_1_409' title='bbox 229 2155 292 2189; x_wconf 88' lang='lat' dir='ltr'>hic</span> <span class='ocrx_word' id='word_1_410' title='bbox 312 2153 406 2191; x_wconf 89' lang='lat' dir='ltr'>illud</span> <span class='ocrx_word' id='word_1_411' title='bbox 428 2166 503 2189; x_wconf 87' lang='lat' dir='ltr'>non</span> <span class='ocrx_word' id='word_1_412' title='bbox 524 2153 638 2190; x_wconf 76' lang='lat' dir='ltr'>habet</span> <span class='ocrx_word' id='word_1_413' title='bbox 657 2153 806 2194; x_wconf 78' lang='lat' dir='ltr'>locum3</span> <span class='ocrx_word' id='word_1_414' title='bbox 838 2156 875 2198; x_wconf 78' lang='lat'>3)</span> <span class='ocrx_word' id='word_1_415' title='bbox 898 2152 922 2189; x_wconf 83' lang='lat' dir='ltr'>fi</span> <span class='ocrx_word' id='word_1_416' title='bbox 949 2153 1010 2189; x_wconf 86' lang='lat' dir='ltr'>vel</span> <span class='ocrx_word' id='word_1_417' title='bbox 1033 2153 1192 2190; x_wconf 79' lang='lat' dir='ltr'>maxime</span> <span class='ocrx_word' id='word_1_418' title='bbox 1213 2153 1352 2189; x_wconf 86' lang='lat' dir='ltr'>toleres</span> <span class='ocrx_word' id='word_1_419' title='bbox 1371 2149 1511 2198; x_wconf 79' lang='lat' dir='ltr'>phrasin</span> <span class='ocrx_word' id='word_1_420' title='bbox 1531 2150 1594 2193; x_wconf 62' lang='grc' dir='ltr'>τήν</span> <span class='ocrx_word' id='word_1_421' title='bbox 1616 2150 1671 2196; x_wconf 62' lang='grc' dir='ltr'>ἐς·</span> 
     </span>
     <span class='ocr_line' id='line_1_38' title="bbox 131 2200 1671 2253; baseline -0.005 -10"><span class='ocrx_word' id='word_1_422' title='bbox 131 2211 217 2250; x_wconf 63' lang='grc' dir='ltr'>γῆν,</span> <span class='ocrx_word' id='word_1_423' title='bbox 244 2202 282 2247; x_wconf 58' lang='grc' dir='ltr'>ἢν</span> <span class='ocrx_word' id='word_1_424' title='bbox 304 2209 403 2251; x_wconf 70' lang='grc' dir='ltr'>ἐπες).</span> <span class='ocrx_word' id='word_1_425' title='bbox 423 2202 515 2242; x_wconf 71' lang='grc' dir='ltr'><strong><em>κατ-οὲ</em></strong></span> <span class='ocrx_word' id='word_1_426' title='bbox 527 2216 560 2241; x_wconf 77' lang='grc'>)..</span> <span class='ocrx_word' id='word_1_427' title='bbox 574 2228 586 2245; x_wconf 85' lang='grc'><strong>,</strong></span> <span class='ocrx_word' id='word_1_428' title='bbox 612 2203 761 2250; x_wconf 87' lang='lat' dir='ltr'>proprie</span> <span class='ocrx_word' id='word_1_429' title='bbox 773 2201 908 2248; x_wconf 80' lang='lat' dir='ltr'>ferret</span> <span class='ocrx_word' id='word_1_430' title='bbox 918 2202 1050 2253; x_wconf 78' lang='lat' dir='ltr'>secum,</span> <span class='ocrx_word' id='word_1_431' title='bbox 1079 2201 1142 2238; x_wconf 90' lang='lat' dir='ltr'>sed</span> <span class='ocrx_word' id='word_1_432' title='bbox 1164 2201 1226 2236; x_wconf 84' lang='lat' dir='ltr'>hic</span> <span class='ocrx_word' id='word_1_433' title='bbox 1248 2214 1315 2250; x_wconf 85' lang='lat' dir='ltr'>pro</span> <span class='ocrx_word' id='word_1_434' title='bbox 1335 2200 1494 2239; x_wconf 84' lang='lat' dir='ltr'>foveret.</span> <span class='ocrx_word' id='word_1_435' title='bbox 1516 2201 1671 2237; x_wconf 82' lang='lat' dir='ltr'>haber-et</span> 
     </span>
     <span class='ocr_line' id='line_1_39' title="bbox 130 2251 1665 2301; baseline -0.005 -9"><span class='ocrx_word' id='word_1_436' title='bbox 130 2255 172 2292; x_wconf 84' lang='lat' dir='ltr'>in</span> <span class='ocrx_word' id='word_1_437' title='bbox 195 2255 335 2290; x_wconf 78' lang='lat' dir='ltr'>animo·</span> <span class='ocrx_word' id='word_1_438' title='bbox 358 2265 398 2290; x_wconf 88' lang='lat' dir='ltr'>et</span> <span class='ocrx_word' id='word_1_439' title='bbox 421 2255 516 2291; x_wconf 85' lang='lat' dir='ltr'>adeo</span> <span class='ocrx_word' id='word_1_440' title='bbox 537 2253 690 2299; x_wconf 88' lang='lat' dir='ltr'>tropico</span> <span class='ocrx_word' id='word_1_441' title='bbox 709 2252 828 2294; x_wconf 85' lang='lat' dir='ltr'>sensu.</span> <span class='ocrx_word' id='word_1_442' title='bbox 855 2263 932 2301; x_wconf 84' lang='lat' dir='ltr'>quo</span> <span class='ocrx_word' id='word_1_443' title='bbox 954 2265 1035 2289; x_wconf 87' lang='lat' dir='ltr'>non</span> <span class='ocrx_word' id='word_1_444' title='bbox 1056 2251 1161 2293; x_wconf 85' lang='lat' dir='ltr'>novi,</span> <span class='ocrx_word' id='word_1_445' title='bbox 1188 2263 1313 2288; x_wconf 77' lang='lat' dir='ltr'>tamen</span> <span class='ocrx_word' id='word_1_446' title='bbox 1332 2253 1369 2297; x_wconf 85' lang='lat'>4)</span> <span class='ocrx_word' id='word_1_447' title='bbox 1384 2260 1529 2299; x_wconf 87' lang='lat' dir='ltr'>putem,</span> <span class='ocrx_word' id='word_1_448' title='bbox 1548 2260 1665 2298; x_wconf 82' lang='lat' dir='ltr'>agno-</span> 
     </span>
     <span class='ocr_line' id='line_1_40' title="bbox 129 2300 1669 2350; baseline -0.005 -8"><span class='ocrx_word' id='word_1_449' title='bbox 129 2304 180 2342; x_wconf 86' lang='lat' dir='ltr'>sci</span> <span class='ocrx_word' id='word_1_450' title='bbox 197 2302 447 2343; x_wconf 79' lang='lat' dir='ltr'>Gloffatorem</span> <span class='ocrx_word' id='word_1_451' title='bbox 468 2316 488 2339; x_wconf 93' lang='lat' dir='ltr'>e</span> <span class='ocrx_word' id='word_1_452' title='bbox 509 2303 632 2340; x_wconf 82' lang='lat' dir='ltr'>verbis</span> <span class='ocrx_word' id='word_1_453' title='bbox 651 2301 795 2344; x_wconf 83' lang='lat' dir='ltr'>multis,</span> <span class='ocrx_word' id='word_1_454' title='bbox 820 2303 958 2349; x_wconf 83' lang='lat' dir='ltr'>quibus</span> <span class='ocrx_word' id='word_1_455' title='bbox 977 2301 1159 2350; x_wconf 82' lang='lat' dir='ltr'>exprimat</span> <span class='ocrx_word' id='word_1_456' title='bbox 1171 2301 1293 2338; x_wconf 81' lang='lat' dir='ltr'>Nostri</span> <span class='ocrx_word' id='word_1_457' title='bbox 1309 2300 1545 2342; x_wconf 85' lang='lat' dir='ltr'>brevitatem,</span> <span class='ocrx_word' id='word_1_458' title='bbox 1564 2309 1669 2346; x_wconf 82' lang='lat' dir='ltr'>equa</span> 
     </span>
     <span class='ocr_line' id='line_1_41' title="bbox 132 2347 1670 2404; baseline -0.006 -13"><span class='ocrx_word' id='word_1_459' title='bbox 132 2354 266 2404; x_wconf 90' lang='lat' dir='ltr'>potius</span> <span class='ocrx_word' id='word_1_460' title='bbox 291 2365 502 2402; x_wconf 85' lang='lat' dir='ltr'>potuerunt</span> <span class='ocrx_word' id='word_1_461' title='bbox 520 2351 610 2389; x_wconf 90' lang='lat' dir='ltr'>oriri</span> <span class='ocrx_word' id='word_1_462' title='bbox 634 2353 738 2400; x_wconf 87' lang='lat' dir='ltr'>plura</span> <span class='ocrx_word' id='word_1_463' title='bbox 759 2352 823 2388; x_wconf 84' lang='lat' dir='ltr'>illa</span> <span class='ocrx_word' id='word_1_464' title='bbox 838 2376 847 2392; x_wconf 83' lang='lat'>‚</span> <span class='ocrx_word' id='word_1_465' title='bbox 873 2364 986 2398; x_wconf 85' lang='lat' dir='ltr'>quarn</span> <span class='ocrx_word' id='word_1_466' title='bbox 1012 2365 1057 2388; x_wconf 86' lang='lat' dir='ltr'>ex</span> <span class='ocrx_word' id='word_1_467' title='bbox 1081 2351 1140 2387; x_wconf 85' lang='lat' dir='ltr'>his</span> <span class='ocrx_word' id='word_1_468' title='bbox 1162 2363 1276 2399; x_wconf 80' lang='lat' dir='ltr'>pauca</span> <span class='ocrx_word' id='word_1_469' title='bbox 1298 2348 1445 2394; x_wconf 83' lang='lat' dir='ltr'>Nostri,</span> <span class='ocrx_word' id='word_1_470' title='bbox 1469 2362 1554 2388; x_wconf 86' lang='lat' dir='ltr'>cum</span> <span class='ocrx_word' id='word_1_471' title='bbox 1577 2347 1670 2384; x_wconf 80' lang='lat' dir='ltr'>sole-</span> 
     </span>
     <span class='ocr_line' id='line_1_42' title="bbox 132 2396 1676 2448; baseline -0.004 -8"><span class='ocrx_word' id='word_1_472' title='bbox 132 2404 433 2442; x_wconf 73' lang='lat' dir='ltr'>antffloffarores</span> <span class='ocrx_word' id='word_1_473' title='bbox 453 2402 706 2440; x_wconf 84' lang='lat' dir='ltr'>obscuriorem</span> <span class='ocrx_word' id='word_1_474' title='bbox 730 2401 953 2437; x_wconf 86' lang='lat' dir='ltr'>sententiam</span> <span class='ocrx_word' id='word_1_475' title='bbox 977 2401 1247 2448; x_wconf 79' lang='lat' dir='ltr'>supplementis</span> <span class='ocrx_word' id='word_1_476' title='bbox 1269 2400 1462 2441; x_wconf 71' lang='lat' dir='ltr'>adiuvare,</span> <span class='ocrx_word' id='word_1_477' title='bbox 1486 2400 1600 2448; x_wconf 77' lang='lat' dir='ltr'>quale</span> <span class='ocrx_word' id='word_1_478' title='bbox 1618 2396 1676 2443; x_wconf 64' lang='lat' dir='ltr'>est⁴</span> 
     </span>
     <span class='ocr_line' id='line_1_43' title="bbox 132 2446 1667 2502; baseline -0.005 -12"><span class='ocrx_word' id='word_1_479' title='bbox 132 2454 174 2491; x_wconf 88' lang='lat' dir='ltr'>in</span> <span class='ocrx_word' id='word_1_480' title='bbox 197 2454 324 2502; x_wconf 85' lang='lat' dir='ltr'>primis</span> <span class='ocrx_word' id='word_1_481' title='bbox 336 2452 400 2497; x_wconf 71' lang='grc' dir='ltr'>τιὶν</span> <span class='ocrx_word' id='word_1_482' title='bbox 417 2454 484 2500; x_wconf 74' lang='grc' dir='ltr'>ὅςγ</span> <span class='ocrx_word' id='word_1_483' title='bbox 509 2479 519 2497; x_wconf 85' lang='grc'>,</span> <span class='ocrx_word' id='word_1_484' title='bbox 543 2449 583 2495; x_wconf 60' lang='grc' dir='ltr'>ἣν</span> <span class='ocrx_word' id='word_1_485' title='bbox 604 2457 698 2498; x_wconf 74' lang='grc' dir='ltr'>ἒπεφ.</span> <span class='ocrx_word' id='word_1_486' title='bbox 723 2458 779 2489; x_wconf 73' lang='grc' dir='ltr'>καὶ</span> <span class='ocrx_word' id='word_1_487' title='bbox 797 2467 830 2487; x_wconf 88' lang='grc' dir='ltr'>κ.</span> <span class='ocrx_word' id='word_1_488' title='bbox 848 2449 883 2488; x_wconf 69' lang='grc' dir='ltr'>ἆ.</span> <span class='ocrx_word' id='word_1_489' title='bbox 898 2476 908 2492; x_wconf 85' lang='grc'><em>,</em></span> <span class='ocrx_word' id='word_1_490' title='bbox 932 2463 1000 2499; x_wconf 89' lang='lat' dir='ltr'>pro</span> <span class='ocrx_word' id='word_1_491' title='bbox 1012 2449 1137 2489; x_wconf 76' lang='lat' dir='ltr'>Nostri</span> <span class='ocrx_word' id='word_1_492' title='bbox 1156 2450 1332 2488; x_wconf 77' lang='lat' dir='ltr'>brevibus</span> <span class='ocrx_word' id='word_1_493' title='bbox 1343 2449 1406 2493; x_wconf 65' lang='grc' dir='ltr'>τιῖν</span> <span class='ocrx_word' id='word_1_494' title='bbox 1423 2449 1508 2497; x_wconf 66' lang='grc' dir='ltr'>πρὸς</span> <span class='ocrx_word' id='word_1_495' title='bbox 1526 2453 1572 2486; x_wconf 69' lang='grc' dir='ltr'>ἐκ.</span> <span class='ocrx_word' id='word_1_496' title='bbox 1586 2446 1667 2494; x_wconf 66' lang='grc' dir='ltr'>ὄργ.</span> 
     </span>
     <span class='ocr_line' id='line_1_44' title="bbox 131 2496 1670 2552; baseline -0.006 -11"><span class='ocrx_word' id='word_1_497' title='bbox 131 2504 192 2541; x_wconf 90' lang='lat' dir='ltr'>Sic</span> <span class='ocrx_word' id='word_1_498' title='bbox 214 2503 383 2552; x_wconf 56' lang='lat' dir='ltr'>quidem2</span> <span class='ocrx_word' id='word_1_499' title='bbox 414 2501 550 2544; x_wconf 78' lang='lat' dir='ltr'>credo,</span> <span class='ocrx_word' id='word_1_500' title='bbox 577 2501 697 2550; x_wconf 80' lang='lat' dir='ltr'>postea</span> <span class='ocrx_word' id='word_1_501' title='bbox 721 2513 781 2538; x_wconf 87' lang='lat' dir='ltr'>res</span> <span class='ocrx_word' id='word_1_502' title='bbox 803 2502 893 2537; x_wconf 88' lang='lat' dir='ltr'>Mss.</span> <span class='ocrx_word' id='word_1_503' title='bbox 915 2500 1082 2538; x_wconf 87' lang='lat' dir='ltr'>manebit</span> <span class='ocrx_word' id='word_1_504' title='bbox 1102 2501 1216 2537; x_wconf 90' lang='lat' dir='ltr'>modo</span> <span class='ocrx_word' id='word_1_505' title='bbox 1247 2500 1286 2549; x_wconf 86' lang='lat' dir='ltr'>in</span> <span class='ocrx_word' id='word_1_506' title='bbox 1316 2502 1400 2538; x_wconf 83' lang='lat' dir='ltr'>Var.</span> <span class='ocrx_word' id='word_1_507' title='bbox 1422 2501 1486 2542; x_wconf 85' lang='lat' dir='ltr'>L.,</span> <span class='ocrx_word' id='word_1_508' title='bbox 1514 2499 1576 2537; x_wconf 80' lang='lat' dir='ltr'>sed</span> <span class='ocrx_word' id='word_1_509' title='bbox 1603 2496 1670 2535; x_wconf 81' lang='lat' dir='ltr'>sal·</span> 
     </span>
     <span class='ocr_line' id='line_1_45' title="bbox 130 2548 1689 2602; baseline -0.004 -12"><span class='ocrx_word' id='word_1_510' title='bbox 130 2565 201 2590; x_wconf 90' lang='lat' dir='ltr'>vus</span> <span class='ocrx_word' id='word_1_511' title='bbox 223 2565 344 2590; x_wconf 84' lang='lat' dir='ltr'>textus</span> <span class='ocrx_word' id='word_1_512' title='bbox 366 2554 487 2602; x_wconf 86' lang='lat' dir='ltr'>vulg.‚</span> <span class='ocrx_word' id='word_1_513' title='bbox 516 2552 579 2598; x_wconf 88' lang='lat' dir='ltr'>qui</span> <span class='ocrx_word' id='word_1_514' title='bbox 600 2550 760 2597; x_wconf 83' lang='lat' dir='ltr'>accipiet</span> <span class='ocrx_word' id='word_1_515' title='bbox 778 2560 927 2586; x_wconf 82' lang='lat' dir='ltr'>tantum</span> <span class='ocrx_word' id='word_1_516' title='bbox 947 2561 1134 2587; x_wconf 86' lang='lat' dir='ltr'>commata</span> <span class='ocrx_word' id='word_1_517' title='bbox 1164 2549 1245 2597; x_wconf 89' lang='lat' dir='ltr'>post</span> <span class='ocrx_word' id='word_1_518' title='bbox 1270 2548 1376 2592; x_wconf 65' lang='grc' dir='ltr'><strong><em>αὖα-ὃς</em></strong></span> <span class='ocrx_word' id='word_1_519' title='bbox 1400 2559 1440 2586; x_wconf 90' lang='lat' dir='ltr'>et</span> <span class='ocrx_word' id='word_1_520' title='bbox 1459 2549 1582 2593; x_wconf 67' lang='grc' dir='ltr'><strong><em>θυμδν,</em></strong></span> <span class='ocrx_word' id='word_1_521' title='bbox 1609 2557 1689 2590; x_wconf 55' lang='lat' dir='ltr'>uta·</span> 
     </span>
     <span class='ocr_line' id='line_1_46' title="bbox 132 2595 1669 2652; baseline -0.005 -13"><span class='ocrx_word' id='word_1_522' title='bbox 132 2614 278 2652; x_wconf 60' lang='lat' dir='ltr'>praeter</span> <span class='ocrx_word' id='word_1_523' title='bbox 306 2602 578 2639; x_wconf 79' lang='lat' dir='ltr'>restituendum</span> <span class='ocrx_word' id='word_1_524' title='bbox 600 2601 639 2637; x_wconf 86' lang='lat' dir='ltr'>in</span> <span class='ocrx_word' id='word_1_525' title='bbox 667 2603 739 2638; x_wconf 87' lang='lat' dir='ltr'>Ms.</span> <span class='ocrx_word' id='word_1_526' title='bbox 763 2602 824 2648; x_wconf 62' lang='lat' dir='ltr'>ug.</span> <span class='ocrx_word' id='word_1_527' title='bbox 847 2612 956 2647; x_wconf 87' lang='lat' dir='ltr'>pron.</span> <span class='ocrx_word' id='word_1_528' title='bbox 984 2598 1114 2643; x_wconf 71' lang='grc' dir='ltr'>αὐτ-ὂς,</span> <span class='ocrx_word' id='word_1_529' title='bbox 1146 2600 1275 2636; x_wconf 81' lang='lat' dir='ltr'>eadem</span> <span class='ocrx_word' id='word_1_530' title='bbox 1300 2599 1354 2636; x_wconf 84' lang='lat' dir='ltr'>ibi</span> <span class='ocrx_word' id='word_1_531' title='bbox 1383 2610 1574 2647; x_wconf 84' lang='lat' dir='ltr'>ponentur</span> <span class='ocrx_word' id='word_1_532' title='bbox 1601 2595 1669 2632; x_wconf 79' lang='lat' dir='ltr'>ali-</span> 
     </span>
     <span class='ocr_line' id='line_1_47' title="bbox 130 2645 1668 2701; baseline -0.005 -12"><span class='ocrx_word' id='word_1_533' title='bbox 130 2653 283 2701; x_wconf 72' lang='lat' dir='ltr'>quando</span> <span class='ocrx_word' id='word_1_534' title='bbox 354 2654 552 2689; x_wconf 84' lang='lat' dir='ltr'>Caeterum</span> <span class='ocrx_word' id='word_1_535' title='bbox 574 2654 636 2700; x_wconf 64' lang='lat' dir='ltr'>Eg.</span> <span class='ocrx_word' id='word_1_536' title='bbox 660 2663 698 2688; x_wconf 87' lang='lat' dir='ltr'>et</span> <span class='ocrx_word' id='word_1_537' title='bbox 714 2649 802 2686; x_wconf 86' lang='lat' dir='ltr'>alibi</span> <span class='ocrx_word' id='word_1_538' title='bbox 826 2650 1049 2697; x_wconf 86' lang='lat' dir='ltr'>particulam</span> <span class='ocrx_word' id='word_1_539' title='bbox 1069 2655 1134 2697; x_wconf 71' lang='grc' dir='ltr'>πὲρ</span> <span class='ocrx_word' id='word_1_540' title='bbox 1156 2650 1362 2697; x_wconf 87' lang='lat' dir='ltr'>opprimit,</span> <span class='ocrx_word' id='word_1_541' title='bbox 1385 2661 1494 2697; x_wconf 85' lang='lat' dir='ltr'>quam</span> <span class='ocrx_word' id='word_1_542' title='bbox 1524 2645 1605 2694; x_wconf 90' lang='lat' dir='ltr'>post</span> <span class='ocrx_word' id='word_1_543' title='bbox 1625 2650 1668 2682; x_wconf 66' lang='grc' dir='ltr'>οἱ.</span> 
     </span>
     <span class='ocr_line' id='line_1_48' title="bbox 130 2697 1669 2751; baseline -0.003 -15"><span class='ocrx_word' id='word_1_544' title='bbox 130 2716 166 2737; x_wconf 84' lang='grc' dir='ltr'>ν.</span> <span class='ocrx_word' id='word_1_545' title='bbox 193 2704 289 2740; x_wconf 89' lang='lat' dir='ltr'>Xen.</span> <span class='ocrx_word' id='word_1_546' title='bbox 318 2704 406 2751; x_wconf 88' lang='lat' dir='ltr'>Cyr.</span> <span class='ocrx_word' id='word_1_547' title='bbox 435 2701 496 2737; x_wconf 89' lang='lat' dir='ltr'>cui</span> <span class='ocrx_word' id='word_1_548' title='bbox 527 2702 611 2737; x_wconf 87' lang='lat' dir='ltr'>add.</span> <span class='ocrx_word' id='word_1_549' title='bbox 635 2712 668 2742; x_wconf 92' lang='lat'>1,</span> <span class='ocrx_word' id='word_1_550' title='bbox 698 2714 734 2746; x_wconf 78' lang='lat'>4,</span> <span class='ocrx_word' id='word_1_551' title='bbox 770 2712 824 2736; x_wconf 81' lang='grc' dir='ltr'>ιι.</span> <span class='ocrx_word' id='word_1_552' title='bbox 850 2711 882 2740; x_wconf 80' lang='lat'>1,</span> <span class='ocrx_word' id='word_1_553' title='bbox 917 2703 954 2740; x_wconf 85' lang='lat'>6,</span> <span class='ocrx_word' id='word_1_554' title='bbox 978 2712 1032 2744; x_wconf 87' lang='lat'>¹9·</span> <span class='ocrx_word' id='word_1_555' title='bbox 1064 2698 1128 2736; x_wconf 87' lang='lat' dir='ltr'>sed</span> <span class='ocrx_word' id='word_1_556' title='bbox 1150 2698 1226 2735; x_wconf 85' lang='lat' dir='ltr'>fine</span> <span class='ocrx_word' id='word_1_557' title='bbox 1247 2698 1329 2737; x_wconf 82' lang='lat' dir='ltr'>lnd.</span> <span class='ocrx_word' id='word_1_558' title='bbox 1348 2699 1401 2735; x_wconf 82' lang='lat' dir='ltr'>Fi.</span> <span class='ocrx_word' id='word_1_559' title='bbox 1421 2697 1556 2735; x_wconf 89' lang='lat' dir='ltr'>Aesch.</span> <span class='ocrx_word' id='word_1_560' title='bbox 1576 2708 1612 2738; x_wconf 88' lang='lat'>2,</span> <span class='ocrx_word' id='word_1_561' title='bbox 1638 2707 1669 2731; x_wconf 86' lang='lat'>1.</span> 
     </span>
     <span class='ocr_line' id='line_1_49' title="bbox 134 2744 1672 2800; baseline -0.004 -12"><span class='ocrx_word' id='word_1_562' title='bbox 134 2767 180 2790; x_wconf 85' lang='lat' dir='ltr'>m.</span> <span class='ocrx_word' id='word_1_563' title='bbox 203 2765 286 2788; x_wconf 76' lang='lat' dir='ltr'>curn</span> <span class='ocrx_word' id='word_1_564' title='bbox 307 2753 431 2800; x_wconf 80' lang='lat' dir='ltr'>Hoog.</span> <span class='ocrx_word' id='word_1_565' title='bbox 455 2753 532 2799; x_wconf 89' lang='lat' dir='ltr'>Op.</span> <span class='ocrx_word' id='word_1_566' title='bbox 554 2763 588 2798; x_wconf 92' lang='lat' dir='ltr'>p.</span> <span class='ocrx_word' id='word_1_567' title='bbox 605 2763 708 2796; x_wconf 73' lang='lat'>1142.</span> <span class='ocrx_word' id='word_1_568' title='bbox 731 2750 842 2794; x_wconf 84' lang='lat' dir='ltr'>Nr.4.</span> <span class='ocrx_word' id='word_1_569' title='bbox 864 2760 902 2786; x_wconf 88' lang='lat' dir='ltr'>et</span> <span class='ocrx_word' id='word_1_570' title='bbox 922 2748 964 2785; x_wconf 88' lang='lat' dir='ltr'>in</span> <span class='ocrx_word' id='word_1_571' title='bbox 986 2748 1108 2786; x_wconf 60' lang='lat' dir='ltr'>iuncta</span> <span class='ocrx_word' id='word_1_572' title='bbox 1131 2761 1197 2796; x_wconf 89' lang='lat' dir='ltr'>per</span> <span class='ocrx_word' id='word_1_573' title='bbox 1216 2750 1360 2799; x_wconf 83' lang='lat' dir='ltr'>analog.</span> <span class='ocrx_word' id='word_1_574' title='bbox 1375 2747 1482 2788; x_wconf 82' lang='lat' dir='ltr'>subst.</span> <span class='ocrx_word' id='word_1_575' title='bbox 1502 2759 1558 2797; x_wconf 85' lang='lat' dir='ltr'>ap.</span> <span class='ocrx_word' id='word_1_576' title='bbox 1572 2744 1672 2783; x_wconf 82' lang='lat' dir='ltr'>Pon.</span> 
     </span>
    </p>
   </div>
   <div class='ocr_carea' id='block_1_5' title="bbox 133 2796 1258 2850">
    <p class='ocr_par' dir='ltr' id='par_1_5' title="bbox 133 2796 1258 2850">
     <span class='ocr_line' id='line_1_50' title="bbox 133 2796 1258 2850; baseline -0.004 -10"><span class='ocrx_word' id='word_1_577' title='bbox 133 2813 168 2850; x_wconf 82' lang='lat'>3.</span> <span class='ocrx_word' id='word_1_578' title='bbox 181 2814 261 2849; x_wconf 79' lang='lat'>144.</span> <span class='ocrx_word' id='word_1_579' title='bbox 282 2815 331 2840; x_wconf 88' lang='lat' dir='ltr'>m.</span> <span class='ocrx_word' id='word_1_580' title='bbox 350 2799 412 2845; x_wconf 63' lang='grc' dir='ltr'>τιὶν</span> <span class='ocrx_word' id='word_1_581' title='bbox 428 2800 595 2848; x_wconf 69' lang='grc' dir='ltr'><strong><em>Ῥωμαίων</em></strong></span> <span class='ocrx_word' id='word_1_582' title='bbox 615 2799 722 2847; x_wconf 51' lang='lat' dir='ltr'>cieris«</span> <span class='ocrx_word' id='word_1_583' title='bbox 740 2807 795 2837; x_wconf 67' lang='grc' dir='ltr'>καὶ</span> <span class='ocrx_word' id='word_1_584' title='bbox 814 2797 924 2846; x_wconf 65' lang='grc' dir='ltr'><strong><em>θυμὸν</em></strong></span> <span class='ocrx_word' id='word_1_585' title='bbox 943 2810 976 2837; x_wconf 73' lang='grc' dir='ltr'>λ.</span> <span class='ocrx_word' id='word_1_586' title='bbox 994 2799 1059 2836; x_wconf 77' lang='lat' dir='ltr'>ira</span> <span class='ocrx_word' id='word_1_587' title='bbox 1078 2796 1258 2844; x_wconf 80' lang='lat' dir='ltr'>acfuror.</span> 
     </span>
    </p>
   </div>
  </div>
 </body>
</html>
