1722 3086
181 130 246 176 92
323 116 570 163 LmERn.
611 115 836 164 cmm.
866 116 920 162 A.
942 117 999 162 v.
1022 116 1208 175 0946.
1246 119 1607 180 Cl-IR.N.193.

177 226 367 321 „Kopdffsc
390 229 426 278 ¹¹.
502 232 550 278 οἵ
567 250 616 278 τε
643 230 651 264 ῑ
675 228 907 296 εἰθισμένοι
949 243 1266 303 zamam-iat.
1283 235 1682 309 quiveadsuetisunt

179 314 311 374 „wag
332 302 441 362 τῆός
461 301 706 375 τυξοιννίὸος
718 307 906 377 dugsvenne
943 311 1181 379 tyrannidis
1220 313 1392 381 irfinitis
1423 322 1463 364 et
1487 313 1681 385 prqsufis

266 437 301 477 h)
324 437 387 471 Hic
404 437 506 469 colon
526 437 561 470 in
581 438 613 469 Β.
628 444 659 469 1.
680 437 738 474 R..
770 438 869 478 quale
888 438 968 480 quid
994 439 1084 471 forte
1108 439 1173 471 fuit
1190 439 1222 471 in
1244 440 1287 472 M.
1304 440 1361 481 ssg.
1387 441 1433 473 ob
1450 441 1553 474 breve
1570 442 1618 485 sq.
1643 441 1678 475 in

175 494 278 528 pron.
295 483 515 515 elementum.
584 482 609 522 i)
635 483 681 514 M.
700 483 754 514 Ba.
774 482 848 515 οἵτ’
866 487 945 521 123„
972 494 1008 517 v.
1028 483 1074 516 N.
1152 486 1190 529 k)
1214 487 1261 518 Μ.
1284 486 1338 519 vi.
1357 491 1420 523 τοῖς
1435 487 1609 520 mendose.

173 587 220 623 A.
241 597 312 627 m..
339 581 476 620 deinde
489 583 530 620 E.
547 581 624 620 fine
633 583 697 619 Vs.
717 583 789 619 huc
807 583 968 632 speflans
988 597 1054 633 per
1080 592 1139 626 »εἰ
1156 594 1200 632 μὴ
1218 603 1247 624 κ,
1268 602 1321 632 w.
1334 595 1425 634 orest
1448 587 1508 624 sed
1522 600 1586 635 per
1597 587 1678 627 Lat.
1699 580 1702 584 ⁴

110 654 114 663 ι
174 635 291 671 modo
302 631 488 682 succedere
506 632 675 682 εκῘεηΛ,
705 644 784 668 non
803 633 939 670 deinde
955 634 1150 682 proferens
1170 637 1320 674 aliunde
1342 637 1484 684 phrafin
1498 647 1616 674 totam
1640 648 1680 674 et

175 696 213 720 v.
231 698 288 729 πς.
313 694 397 719 cum
415 700 445 720 κ.
463 697 541 728 7⁹..
578 681 627 717 cf.
647 692 772 717 tamen
795 682 870 719 fine
889 683 954 721 Vs.
974 696 1032 731 ap.
1054 687 1141 721 Abr.
1159 685 1221 720 Dl.
1243 687 1318 723 Th.
1341 699 1375 735 p.
1389 691 1472 732 659.
1486 699 1533 722 m.
1553 698 1591 723 et
1613 698 1679 734 pet

175 733 331 769 liberam
344 733 406 767 Vs.
421 744 477 779 ap.
489 730 605 768 Dion.
617 731 665 768 H.
686 732 727 767 it.
740 731 854 769 Diod.
866 733 899 768 S.
916 744 949 774 1,
959 736 1042 779 653.
1061 735 1085 771 l.
1099 745 1154 776 71.
1166 735 1277 777 ἐπειδᾷ
1287 740 1332 773 τὲ
1343 742 1432 775 κατὰ
1442 735 1501 778 τήν
1512 740 1682 775 ammian

174 784 269 829 αὐτῷ
285 777 471 827 προεχώρει
491 797 522 818 κ.
541 795 620 826 νγν.,
651 793 727 816 cum
746 782 946 818 dominatus
971 784 1194 831 amplificatio
1220 783 1319 820 votis
1343 794 1380 821 et
1399 787 1595 822 conatibus
1621 797 1681 820 re·

169 831 377 882 fronderet.
411 829 497 878 (qui
519 830 593 867 dat.
614 842 721 878 pron.
741 831 833 878 pers.
858 830 982 868 nostro
1001 831 1228 880 supplendus
1248 832 1336 870 loco
1355 834 1496 879 etiam.)
1515 846 1582 881 pro
1603 846 1680 881 quo
1720 856 1722 871 ι

173 859 255 929 ίγη.
277 893 313 929 p.
338 890 419 927 345.
441 881 465 915 l.
486 883 544 917 66.
567 887 630 918 τῶν
654 879 682 918 δ’
702 884 862 926 ἐπιβολῶν
878 884 990 923 αὐτοῖς
1017 898 1047 918 ιι.
1067 884 1138 919 νοῦν
1158 891 1424 928 πςθχωρουσῶν,
1461 896 1601 933 cumque
1625 884 1685 918 in-

169 941 277 981 cepta
301 942 345 966 ex
370 929 483 966 animi
509 929 600 966 sent.
622 931 806 971 cederent,
843 940 881 966 et
908 942 965 977 ap.
995 931 1104 967 Dem.
1129 943 1186 976 14,
1207 943 1239 978 3.
1265 929 1305 969 ἄν
1329 948 1363 969 τι
1389 935 1436 978 μιὶ
1459 949 1490 970 κ.
1511 946 1566 977 w.
1585 933 1683 979 ἐκβῇ,

173 993 241 1030 per
262 990 358 1029 quae
376 979 550 1026 procedat
576 978 671 1026 vulg.
700 979 811 1015 lefflo
832 990 870 1015 et
894 980 959 1015 Vs.
977 982 1069 1029 Eg..
1105 982 1169 1027 qui
1200 981 1236 1016 in
1260 980 1310 1030 sq.
1340 981 1520 1030 opprimit
1545 982 1681 1019 iterum

173 1042 281 1079 pron.
300 1036 357 1071 τὶ,
393 1040 432 1064 et
456 1027 592 1065 deserit
617 1027 720 1076 pass..
753 1041 819 1074 pso
851 1029 1092 1066 commodiori
1115 1031 1191 1068 Lar.
1220 1031 1365 1073 iuvari,
1404 1032 1507 1079 quod
1534 1042 1574 1066 et
1593 1030 1680 1068 Sch.

174 1078 392 1117 monstrarat
417 1077 509 1124 „132-
522 1094 558 1123 μ.
570 1084 624 1119 τὶ,
650 1077 1018 1121 iuvarivehementer,
1042 1096 1079 1124 μ.
1092 1079 1314 1128 magniqus'd
1328 1080 1684 1118 emolumentixacci.

168 1135 286 1182 pere“
313 1126 360 1163 cf.
381 1128 463 1174 Stp.
480 1128 555 1164 Th.
570 1150 583 1169 ‚
614 1127 677 1175 qui
695 1138 842 1164 tantum
860 1128 970 1165 novit
985 1141 1019 1165 v.
1040 1141 1125 1165 cum
1150 1136 1226 1176 lyn.
1244 1135 1394 1174 μεγάλα,
1420 1143 1498 1166 non
1518 1139 1681 1166 monens

174 1179 222 1216 de
241 1175 356 1225 ellipfi
377 1175 439 1212 hic
467 1189 520 1224 pr.
538 1180 650 1218 κατὰ,
686 1177 749 1221 (cf.
770 1177 812 1213 L.
835 1178 914 1216 Bos.
937 1190 972 1226 p.
990 1187 1070 1224 518.
1087 1192 1136 1215 m.
1167 1189 1229 1215 aut
1249 1192 1303 1227 pr.
1327 1184 1393 1221 εἷς,
1435 1191 1478 1216 ut
1495 1179 1540 1216 L.
1562 1179 1613 1216 N.
1630 1179 1682 1214 T.

171 1229 294 1267 Schw.
315 1225 377 1262 ubi
397 1225 435 1261 in
456 1227 503 1264 N.
523 1227 626 1263 locus
644 1226 765 1263 Nostri
785 1226 934 1264 affertur
953 1241 975 1263 c
991 1228 1050 1271 P.)
1077 1226 1176 1265 unde
1203 1227 1246 1264 fit
1264 1228 1437 1275 proprie,
1475 1228 1602 1264 iuvari
1626 1226 1682 1264 se-

172 1276 340 1314 cundum
360 1275 454 1312 nibil
468 1275 669 1312 admodum
684 1287 850 1325 magnum
864 1302 875 1318 ‚
907 1277 932 1313 i.
950 1276 1095 1314 nullum
1113 1278 1312 1314 admodum
1331 1290 1505 1327 magnum
1516 1289 1684 1313 commo·

173 1327 263 1364 dum
282 1324 370 1362 inde
393 1325 601 1373 percipere;
637 1325 738 1373 quod
758 1326 939 1363 convenit
957 1338 1041 1363 cum
1064 1327 1172 1374 postr.
1194 1326 1277 1362 Sch.
1291 1351 1303 1368 ,
1331 1339 1371 1364 ut
1387 1327 1555 1363 eiusdem
1575 1325 1679 1374 prior

171 1377 269 1414 ratio
287 1388 354 1424 pet
372 1375 450 1411 adv.
471 1386 557 1411 cum
577 1376 665 1423 Bg..
701 1373 749 1410 cf.
770 1374 860 1410 Poff.
883 1376 973 1412 Call.
995 1381 1101 1424 p.65.
1115 1375 1208 1424 e.sq.
1228 1375 1554 1412 lnd.Z.Xen.1’ol.
1569 1375 1680 1412 nach.

171 1428 288 1465 Mem.
307 1426 344 1460 S'.
368 1423 442 1468 (cui
463 1423 547 1461 add.
560 1432 595 1471 3,
614 1435 650 1468 7,
669 1434 702 1468 9.
727 1435 759 1471 3,
775 1436 830 1467 11,
843 1433 876 1471 3.
895 1425 958 1462 ubi
979 1426 1145 1473 praeced.
1165 1424 1243 1473 syn.
1262 1426 1467 1472 κερδαίνεινὴ
1479 1426 1566 1475 Cyr.
1579 1451 1589 1466 ,
1614 1422 1680 1462 ubi

171 1476 316 1525 primus
334 1473 439 1510 locus
461 1474 511 1510 est
529 1485 615 1509 cum
638 1486 693 1520 pr.
711 1474 800 1517 ἀπὸ,
835 1474 1011 1523 sequente
1028 1475 1107 1523 syn.
1127 1480 1330 1515 ἀπολαύειν.
1355 1475 1415 1511 cui
1434 1474 1518 1512 add.
1530 1486 1612 1510 cum
1623 1486 1678 1521 pt.

173 1524 238 1563 ὑπὸ
261 1536 294 1565 1,
317 1535 346 1565 1,
366 1536 397 1559 2.
411 1547 422 1564 ,
447 1523 510 1560 Rs.
534 1524 602 1559 Or.
621 1523 668 1559 V.
690 1527 719 1559 6.
740 1536 796 1566 7.‚
823 1523 885 1560 ubi
908 1522 949 1560 Is.
970 1536 1121 1572 quoque
1141 1536 1226 1560 cum
1243 1527 1362 1569 μηδὲν,
1386 1526 1499 1561 Dem.
1516 1523 1575 1560 cui
1596 1522 1680 1561 add.

171 1575 222 1612 de
239 1573 307 1610 ast.
331 1584 413 1618 255,
432 1584 466 1616 7.
483 1583 523 1609 et
539 1583 625 1609 cum
644 1572 723 1608 adv.
741 1577 788 1608 τὰ
805 1579 931 1618 μέγιςα
958 1576 1036 1615 ι66,
1057 1586 1092 1621 p.
1105 1572 1156 1608 Fi.
1179 1574 1330 1616 Aescu,
1355 1574 1421 1610 ubi
1438 1586 1474 1616 2,
1489 1584 1543 1610 11.
1564 1571 1680 1610 etiam

173 1635 259 1662 cum
280 1626 401 1667 μηδὲν,
434 1633 478 1659 ut
497 1632 535 1658 et
555 1622 595 1658 in
613 1620 728 1658 Diod.
747 1623 807 1661 S..
842 1633 922 1659 tum
942 1622 1056 1659 Dion.
1079 1623 1128 1659 H.
1149 1625 1184 1660 S.
1205 1623 1249 1659 T.
1275 1635 1305 1658 1.
1328 1625 1368 1659 F.
1387 1622 1470 1660 Aes.
1490 1620 1555 1659 Hs.
1575 1633 1615 1658 et
1635 1621 1678 1657 L.

171 1672 223 1713 N.
243 1674 311 1715 T.,
336 1683 495 1720 quorum
514 1672 604 1708 Krb.
625 1682 710 1706 cum
728 1674 828 1716 μηδὲν
853 1683 1030 1719 quoque,
1057 1671 1139 1714 sed,
1162 1682 1307 1719 praeter
1326 1673 1431 1714 Ind.‚
1458 1684 1513 1719 ap.
1531 1672 1621 1708 Luc.
1643 1681 1679 1714 1,

174 1735 256 1769 5¹7-
273 1723 298 1759 l.
314 1732 369 1769 33.
396 1725 454 1759 οὐκ
473 1716 514 1759 ἂν
532 1719 593 1758 οἴει
609 1728 701 1766 μέγα
722 1721 928 1766 ὠφεληθῆνοιι
946 1720 1006 1758 τὼ
1022 1727 1094 1766 βίον
1106 1747 1117 1762 ,
1143 1733 1222 1757 non
1237 1732 1276 1757 tu
1293 1720 1422 1770 censes,
1447 1733 1603 1770 magnos
1620 1719 1680 1756 in-

97 1774 100 1777 ”
171 1775 214 1811 a'e
231 1770 509 1810 redundaturos
527 1772 579 1806 ad
593 1769 705 1805 vitam
719 1770 891 1814 frm‘fus,
928 1769 1003 1806 line
1020 1769 1144 1806 Nostri
1166 1783 1301 1818 pron„
1330 1770 1392 1808 sed
1412 1784 1429 1806 a
1448 1772 1515 1807 Gs.
1533 1769 1680 1817 supple-

171 1833 216 1860 to
237 1821 349 1859 etiam
377 1820 571 1856 nobiscum
597 1829 684 1855 ante
710 1819 774 1855 illo
797 1818 879 1855 adv.
899 1819 979 1855 inde
1007 1818 1032 1857 s.
1052 1832 1097 1856 ex
1117 1832 1160 1856 ea
1179 1833 1238 1861 re;
1272 1832 1340 1867 per
1364 1819 1458 1856 hanc
1475 1819 1676 1856 formulam

168 1872 336 1911 variante
346 1869 478 1908 Nostro
497 1881 582 1906 cum
599 1866 632 1917 §.
647 1880 702 1916 pr.
713 1867 820 1916 privo
840 1881 988 1916 vacuet.
1001 1894 1012 1910 ‚
1048 1881 1127 1905 non
1147 1869 1239 1906 item
1255 1868 1296 1905 in
1309 1881 1366 1906 ter
1384 1869 1562 1917 deinceps
1581 1865 1677 1916 pefi-

169 1933 212 1959 to
232 1937 264 1959 νο
293 1938 303 1957 .·
336 1946 344 1955 .

220 1923 331 2013 οἵῗιξ
350 1969 420 2005 Ms.
441 1967 683 2016 apostrophus
700 1967 750 2005 est
767 1978 898 2004 contra
916 1967 1059 2004 hiatum
1071 1992 1082 2009 ‚
1113 1979 1226 2015 quem
1239 1967 1371 2005 Noster
1390 1979 1514 2005 tamen
1529 1979 1607 2004 non
1625 1966 1680 2004 vi-

170 2031 248 2064 tat,
284 2019 326 2056 in
344 2016 471 2066 primis
489 2016 529 2053 in
548 2017 704 2054 diffimili
726 2016 844 2054 vocali
858 2042 869 2059 ‚
896 2028 936 2054 et
955 2017 1090 2054 tolerat
1109 2017 1208 2054 idem
1220 2019 1293 2056 Ms.
1314 2018 1355 2054 in
1374 2019 1501 2055 eadem
1519 2016 1620 2053 causa
1643 2028 1678 2059 ι.

173 2083 232 2115 17,
253 2083 289 2115 9.
305 2081 336 2104 e.
388 2068 490 2103 Tum
510 2066 573 2102 hic
597 2065 699 2114 tangi
720 2065 817 2102 haud
836 2064 987 2103 obscure
1006 2068 1284 2107 praetorianos,
1318 2065 1533 2104 monuimus
1555 2065 1678 2114 supra,

170 2118 237 2157 ubi
256 2117 340 2154 Sch.
369 2120 484 2162 „Em-g.
497 2113 685 2153 luxuriose
706 2117 762 2152 uti
782 2113 986 2164 magnificis
1006 2116 1289 2162 largitionibus«
1312 2116 1409 2154 redit
1426 2115 1471 2151 ad
1484 2117 1545 2163 Bg.
1558 2138 1570 2157 ,
1595 2115 1677 2152 fere

169 2183 194 2206 e
212 2179 321 2216 marg.
339 2168 419 2212 Stp.
432 2190 443 2206 ,
472 2165 665 2202 reddentis
694 2164 734 2200 in
753 2165 828 2201 Th.
846 2176 932 2201 cum
949 2165 1034 2200 Sch.
1059 2165 1231 2205 aliunde,
1268 2164 1315 2203 cf.
1338 2165 1428 2202 Bud.
1451 2166 1492 2201 C.
1513 2168 1597 2205 866,
1614 2177 1677 2211 44.

173 2229 278 2264 1507.
303 2214 385 2253 lnd.
406 2213 519 2250 Dion.
542 2214 620 2251 Cas.
643 2226 707 2260 per
728 2225 846 2250 unum
865 2225 900 2249 v.
913 2214 993 2250 Lat.
1005 2214 1202 2256 luxuriari,
1231 2215 1350 2262 (quod
1369 2228 1426 2262 ap.
1437 2215 1485 2251 G.
1497 2214 1572 2251 Th.
1591 2225 1676 2251 cum

169 2266 337 2308 reffione
354 2262 458 2300 fimili
479 2264 571 2307 abl.)
591 2262 703 2299 Dion.
717 2264 765 2300 H.
785 2264 820 2298 S.
842 2264 890 2299 T.
914 2274 943 2298 1.
962 2263 1073 2304 Luc..
1100 2263 1159 2299 cui
1177 2264 1259 2300 add.
1279 2273 1405 2310 3.4o4.
1418 2263 1441 2299 i.
1461 2264 1556 2300 Xen.
1570 2263 1675 2300 Hell-

169 2315 324 2356 Heliod.
346 2326 382 2358 7,
399 2316 432 2349 6.
454 2312 478 2349 i.
504 2312 558 2349 Fi.
579 2314 674 2350 Ptol.
693 2312 740 2348 de
760 2313 840 2348 Vss.
862 2313 928 2349 Gr.
947 2312 996 2348 N.
1015 2313 1063 2347 T.
1083 2311 1159 2348 diff.
1177 2324 1206 2348 1.
1230 2326 1264 2360 p.
1278 2326 1334 2360 ²9·
1360 2312 1461 2350 Suid.
1486 2324 1518 2354 1,
1539 2324 1622 2357 757.
1641 2324 1674 2348 e.

167 2369 210 2404 L.
230 2367 280 2403 N.
301 2366 350 2399 T.
364 2389 375 2404 ‚
409 2373 572 2410 quorum
592 2361 711 2411 Schw.
733 2373 777 2399 ex
797 2361 871 2399 h.l.
896 2360 1195 2402 „inconfiderata
1221 2372 1257 2398 ct
1283 2362 1431 2410 profusa
1447 2362 1675 2411 magnificen-

169 2418 224 2455 tia
249 2412 444 2451 delicatius
465 2421 498 2447 et
519 2410 740 2448 insolentius
760 2412 847 2446 uti<c
871 2410 963 2448 ficut
981 2423 1054 2447 nec
1080 2409 1292 2447 alieniffima
1311 2412 1355 2448 ab
1371 2412 1408 2449 h.
1427 2411 1454 2447 1.
1475 2410 1582 2447 notio
1610 2409 1674 2446 illa

170 2479 237 2516 pro
257 2462 439 2501 oblefiare
457 2461 518 2504 se,
552 2461 577 2499 s.
597 2473 736 2502 amare,
769 2458 817 2497 cf.
835 2459 875 2496 L.
895 2460 1004 2501 Em„
1038 2471 1081 2497 ut
1101 2460 1163 2496 Gr.
1185 2460 1236 2496 est
1253 2461 1275 2496 i.
1297 2473 1334 2510 q.
1354 2463 1488 2508 reucpqiv
1505 2465 1561 2501 ἐν,
1595 2471 1674 2507 quo

170 2527 209 2553 et
229 2523 386 2551 utuntur
407 2510 518 2547 modo
537 2509 621 2551 alii,
648 2508 864 2547 cf.1nd.Rs.
879 2511 946 2546 Or.
969 2511 1013 2548 V.
1036 2518 1066 2550 8.
1089 2509 1177 2545 Din.
1197 2523 1282 2547 cum
1303 2513 1411 2553 Dem.
1457 2511 1528 2546 Sed
1547 2509 1588 2545 in
1600 2507 1673 2548 adi.

168 2572 246 2612 &xe-
266 2564 345 2600 Lat.
365 2560 511 2597 videtur
525 2561 589 2609 Bg.
620 2559 723 2606 sequi
753 2559 949 2595 notionem
975 2570 1045 2604 pro
1075 2557 1294 2596 immodicus
1321 2559 1348 2599 s.
1365 2557 1591 2600 immensus,
1627 2569 1673 2594 ut

170 2614 396 2661 copulentur
415 2609 476 2645 hie
492 2608 570 2657 syn.
587 2609 682 2649 adi..
717 2620 951 2655 quanquam,
989 2609 1037 2645 ob
1057 2607 1109 2656 sq.
1128 2609 1258 2656 oppos.
1282 2624 1395 2656 κεκρ..
1434 2606 1605 2656 procedit
1632 2618 1672 2644 et

168 2662 280 2702 notio
298 2660 415 2697 Schw.
437 2659 557 2704 prior.
584 2657 634 2694 cf.
655 2659 694 2694 L.
714 2658 799 2694 Ern.
824 2659 905 2706 Stp.
928 2657 1002 2694 Th.
1023 2657 1195 2700 aliunde,
1227 2658 1319 2695 ssud.
1340 2660 1381 2695 C.
1398 2669 1459 2702 41,
1477 2669 1534 2694 20.
1568 2655 1674 2693 Foes.

166 2717 266 2751 Oec.
286 2710 367 2748 lnd.
390 2708 506 2746 Dion.
524 2706 603 2746 Cas.
623 2708 713 2746 Luc.
733 2707 862 2750 Poib..
886 2706 1041 2744 fortaffis
1061 2720 1100 2744 et
1117 2709 1249 2750 Hem„
1276 2708 1376 2747 Mor.
1395 2706 1440 2742 ad
1457 2705 1619 2755 Longin.
1635 2717 1674 2754 p.

173 2772 215 2806 η
228 2777 254 2799 ι,
269 2775 326 2803 e..
360 2756 452 2795 Phil.
475 2757 517 2794 in
534 2760 649 2796 Flacc.
671 2769 708 2804 p.
722 2761 804 2802 762.
825 2757 862 2793 E.
882 2770 918 2795 e·
944 2755 1048 2794 suid.
1070 2769 1103 2800 ι,
1122 2768 1180 2804 93.
1201 2757 1225 2793 i.
1240 2780 1254 2799 ,
1278 2769 1359 2795 non
1376 2755 1460 2793 coll.
1477 2755 1523 2793 ad
1541 2753 1625 2793 Hes.
1642 2766 1675 2797 ι.
