<?xml version="1.0" encoding="UTF-8"?>
<!DOCTYPE html PUBLIC "-//W3C//DTD XHTML 1.0 Transitional//EN"
    "http://www.w3.org/TR/xhtml1/DTD/xhtml1-transitional.dtd">
<html xmlns="http://www.w3.org/1999/xhtml" xml:lang="en" lang="en">
 <head>
  <title>
</title>
<meta http-equiv="Content-Type" content="text/html;charset=utf-8" />
  <meta name='ocr-system' content='tesseract 3.04.00' />
  <meta name='ocr-capabilities' content='ocr_page ocr_carea ocr_par ocr_line ocrx_word'/>
</head>
<body>
  <div class='ocr_page' id='page_1' title='image "./historiarumlibri02hero/historiarumlibri02hero_0241.png"; bbox 0 0 1717 3082; ppageno 0'>
   <div class='ocr_carea' id='block_1_1' title="bbox 124 112 1571 170">
    <p class='ocr_par' dir='ltr' id='par_1_1' title="bbox 124 112 1571 170">
     <span class='ocr_line' id='line_1_1' title="bbox 124 112 1571 170; baseline -0.005 -3"><span class='ocrx_word' id='word_1_1' title='bbox 124 118 364 167; x_wconf 86' lang='lat' dir='ltr'><strong>LIBERII.</strong></span> <span class='ocrx_word' id='word_1_2' title='bbox 402 116 619 164; x_wconf 79' lang='lat' dir='ltr'><strong>CAP.V&#39;I.</strong></span> <span class='ocrx_word' id='word_1_3' title='bbox 656 117 711 161; x_wconf 83' lang='lat' dir='ltr'>A.</span> <span class='ocrx_word' id='word_1_4' title='bbox 731 116 789 161; x_wconf 92' lang='lat' dir='ltr'>V.</span> <span class='ocrx_word' id='word_1_5' title='bbox 816 112 1007 170; x_wconf 75' lang='grc'><strong>(3.946.</strong></span> <span class='ocrx_word' id='word_1_6' title='bbox 1043 113 1184 160; x_wconf 89' lang='lat' dir='ltr'><strong>CHR.</strong></span> <span class='ocrx_word' id='word_1_7' title='bbox 1207 114 1273 160; x_wconf 88' lang='lat' dir='ltr'>N.</span> <span class='ocrx_word' id='word_1_8' title='bbox 1306 123 1426 169; x_wconf 28' lang='lat'><strong>1⁸93.</strong></span> <span class='ocrx_word' id='word_1_9' title='bbox 1473 115 1571 168; x_wconf 77' lang='lat'>189</span> 
     </span>
    </p>
   </div>
   <div class='ocr_carea' id='block_1_2' title="bbox 56 227 1576 381">
    <p class='ocr_par' dir='ltr' id='par_1_2' title="bbox 56 227 1576 381">
     <span class='ocr_line' id='line_1_2' title="bbox 350 227 610 248; baseline -0.019 0"><span class='ocrx_word' id='word_1_10' title='bbox 350 234 359 248; x_wconf 65' lang='lat'><em>2</em></span> <span class='ocrx_word' id='word_1_11' title='bbox 597 227 610 243; x_wconf 81' lang='grc' dir='ltr'><em>Ι</em></span> 
     </span>
     <span class='ocr_line' id='line_1_3' title="bbox 58 233 1576 317; baseline -0.009 -8"><span class='ocrx_word' id='word_1_12' title='bbox 58 233 230 290; x_wconf 56' lang='grc' dir='ltr'>εἰκόνας</span> <span class='ocrx_word' id='word_1_13' title='bbox 323 249 798 317; x_wconf 59' lang='grc' dir='ltr'>αποκαταςηπξντεςν</span> <span class='ocrx_word' id='word_1_14' title='bbox 837 248 1059 306; x_wconf 76' lang='lat' dir='ltr'>restitutis,</span> <span class='ocrx_word' id='word_1_15' title='bbox 1087 248 1303 297; x_wconf 86' lang='lat' dir='ltr'>deducere</span> <span class='ocrx_word' id='word_1_16' title='bbox 1322 248 1576 297; x_wconf 86' lang='lat' dir='ltr'><strong>tendebant.</strong></span> 
     </span>
     <span class='ocr_line' id='line_1_4' title="bbox 56 306 797 381; baseline -0.012 -19"><span class='ocrx_word' id='word_1_17' title='bbox 56 309 340 381; x_wconf 62' lang='grc' dir='ltr'><strong><em>προπέμπειν</em></strong></span> <span class='ocrx_word' id='word_1_18' title='bbox 355 310 592 381; x_wconf 51' lang='lat' dir='ltr'>{vt-effigiare.</span> <span class='ocrx_word' id='word_1_19' title='bbox 605 306 764 362; x_wconf 62' lang='lat' dir='ltr'>&amp;wag</span> <span class='ocrx_word' id='word_1_20' title='bbox 779 310 797 330; x_wconf 86' lang='lat'><strong>⁰</strong></span> 
     </span>
    </p>
   </div>
   <div class='ocr_carea' id='block_1_3' title="bbox 58 368 1577 450">
    <p class='ocr_par' dir='ltr' id='par_1_3' title="bbox 58 368 1577 450">
     <span class='ocr_line' id='line_1_5' title="bbox 58 368 1577 450; baseline -0.005 -28"><span class='ocrx_word' id='word_1_21' title='bbox 58 383 108 439; x_wconf 62' lang='lat' dir='ltr'>d}</span> <span class='ocrx_word' id='word_1_22' title='bbox 129 389 183 437; x_wconf 67' lang='grc' dir='ltr'>ὁρ</span> <span class='ocrx_word' id='word_1_23' title='bbox 204 383 436 442; x_wconf 47' lang='grc' dir='ltr'><strong><em>Ἰουλιανὸς</em></strong></span> <span class='ocrx_word' id='word_1_24' title='bbox 455 382 543 441; x_wconf 55' lang='lat'>,5039</span> <span class='ocrx_word' id='word_1_25' title='bbox 557 379 797 450; x_wconf 55' lang='grc' dir='ltr'><em>νενομισμέ,</em></span> <span class='ocrx_word' id='word_1_26' title='bbox 844 384 860 413; x_wconf 90' lang='lat'>1</span> <span class='ocrx_word' id='word_1_27' title='bbox 878 375 922 420; x_wconf 83' lang='lat'><strong>8.</strong></span> <span class='ocrx_word' id='word_1_28' title='bbox 946 373 1062 417; x_wconf 85' lang='lat' dir='ltr'>Cum</span> <span class='ocrx_word' id='word_1_29' title='bbox 1079 371 1214 430; x_wconf 83' lang='lat' dir='ltr'>igitur</span> <span class='ocrx_word' id='word_1_30' title='bbox 1228 370 1427 416; x_wconf 83' lang='lat' dir='ltr'>Iulianus</span> <span class='ocrx_word' id='word_1_31' title='bbox 1449 368 1577 416; x_wconf 84' lang='lat' dir='ltr'>sacri-</span> 
     </span>
    </p>
   </div>
   <div class='ocr_carea' id='block_1_4' title="bbox 58 516 1578 605">
    <p class='ocr_par' dir='ltr' id='par_1_4' title="bbox 58 516 1578 605">
     <span class='ocr_line' id='line_1_6' title="bbox 151 516 1578 563; baseline -0.006 -7"><span class='ocrx_word' id='word_1_32' title='bbox 151 527 187 563; x_wconf 88' lang='lat'>0)</span> <span class='ocrx_word' id='word_1_33' title='bbox 212 525 277 557; x_wconf 80' lang='lat' dir='ltr'>Ms.</span> <span class='ocrx_word' id='word_1_34' title='bbox 298 521 353 555; x_wconf 84' lang='lat' dir='ltr'><strong>Ba.</strong></span> <span class='ocrx_word' id='word_1_35' title='bbox 370 522 489 558; x_wconf 68' lang='grc' dir='ltr'>θυσίας,</span> <span class='ocrx_word' id='word_1_36' title='bbox 511 518 647 552; x_wconf 76' lang='lat' dir='ltr'>vitiose.</span> <span class='ocrx_word' id='word_1_37' title='bbox 694 516 850 560; x_wconf 74' lang='lat' dir='ltr'>Sequitur</span> <span class='ocrx_word' id='word_1_38' title='bbox 869 517 959 549; x_wconf 73' lang='lat' dir='ltr'>enim</span> <span class='ocrx_word' id='word_1_39' title='bbox 970 516 1207 553; x_wconf 66' lang='lat' dir='ltr'><strong>Sosiae.Mar-t.</strong></span> <span class='ocrx_word' id='word_1_40' title='bbox 1231 526 1267 550; x_wconf 81' lang='lat' dir='ltr'><strong>v.</strong></span> <span class='ocrx_word' id='word_1_41' title='bbox 1283 518 1331 552; x_wconf 92' lang='lat' dir='ltr'>N.</span> <span class='ocrx_word' id='word_1_42' title='bbox 1403 521 1437 560; x_wconf 86' lang='lat' dir='ltr'>p)</span> <span class='ocrx_word' id='word_1_43' title='bbox 1461 518 1498 551; x_wconf 90' lang='lat' dir='ltr'>ln</span> <span class='ocrx_word' id='word_1_44' title='bbox 1510 518 1578 552; x_wconf 85' lang='lat' dir='ltr'><strong>Ms.</strong></span> 
     </span>
     <span class='ocr_line' id='line_1_7' title="bbox 58 562 1195 605; baseline -0.008 0"><span class='ocrx_word' id='word_1_45' title='bbox 58 569 116 605; x_wconf 74' lang='lat' dir='ltr'><strong>Ba.</strong></span> <span class='ocrx_word' id='word_1_46' title='bbox 137 572 151 601; x_wconf 74' lang='grc' dir='ltr'><strong>ὅ</strong></span> <span class='ocrx_word' id='word_1_47' title='bbox 167 567 270 602; x_wconf 86' lang='lat' dir='ltr'>deest.</span> <span class='ocrx_word' id='word_1_48' title='bbox 288 568 396 602; x_wconf 81' lang='lat' dir='ltr'><strong>Mart.</strong></span> <span class='ocrx_word' id='word_1_49' title='bbox 429 565 532 598; x_wconf 84' lang='lat' dir='ltr'>etiam</span> <span class='ocrx_word' id='word_1_50' title='bbox 548 565 582 597; x_wconf 85' lang='lat' dir='ltr'>in</span> <span class='ocrx_word' id='word_1_51' title='bbox 601 565 754 600; x_wconf 84' lang='lat' dir='ltr'><strong>Ms.vi.,</strong></span> <span class='ocrx_word' id='word_1_52' title='bbox 780 572 943 595; x_wconf 85' lang='lat' dir='ltr'>monente</span> <span class='ocrx_word' id='word_1_53' title='bbox 962 565 1064 600; x_wconf 64' lang='lat' dir='ltr'>Luc„</span> <span class='ocrx_word' id='word_1_54' title='bbox 1094 573 1129 596; x_wconf 91' lang='lat' dir='ltr'>v.</span> <span class='ocrx_word' id='word_1_55' title='bbox 1148 562 1195 596; x_wconf 88' lang='lat' dir='ltr'>N.</span> 
     </span>
    </p>
   </div>
   <div class='ocr_carea' id='block_1_5' title="bbox 46 674 1580 2814">
    <p class='ocr_par' dir='ltr' id='par_1_5' title="bbox 50 674 1580 1770">
     <span class='ocr_line' id='line_1_8' title="bbox 57 674 1578 731; baseline -0.005 -11"><span class='ocrx_word' id='word_1_56' title='bbox 57 689 122 720; x_wconf 60' lang='lat' dir='ltr'>ww</span> <span class='ocrx_word' id='word_1_57' title='bbox 143 677 323 727; x_wconf 55' lang='grc' dir='ltr'>βαᾶιλικῦν</span> <span class='ocrx_word' id='word_1_58' title='bbox 343 677 520 725; x_wconf 76' lang='grc' dir='ltr'><strong><em>σνμβὸλων</em></strong></span> <span class='ocrx_word' id='word_1_59' title='bbox 538 683 583 720; x_wconf 82' lang='grc' dir='ltr'>εἷς</span> <span class='ocrx_word' id='word_1_60' title='bbox 607 675 689 723; x_wconf 64' lang='grc' dir='ltr'>ὕψος</span> <span class='ocrx_word' id='word_1_61' title='bbox 709 680 863 725; x_wconf 54' lang='lat' dir='ltr'>&amp;fisi-nu,</span> <span class='ocrx_word' id='word_1_62' title='bbox 890 677 992 724; x_wconf 79' lang='lat' dir='ltr'>quod</span> <span class='ocrx_word' id='word_1_63' title='bbox 1013 674 1093 713; x_wconf 81' lang='lat' dir='ltr'>fieri</span> <span class='ocrx_word' id='word_1_64' title='bbox 1112 675 1163 713; x_wconf 76' lang='lat' dir='ltr'>ibi</span> <span class='ocrx_word' id='word_1_65' title='bbox 1185 675 1360 731; x_wconf 59' lang='lat' dir='ltr'>diximus,</span> <span class='ocrx_word' id='word_1_66' title='bbox 1379 688 1466 712; x_wconf 86' lang='lat' dir='ltr'>cum</span> <span class='ocrx_word' id='word_1_67' title='bbox 1479 674 1578 725; x_wconf 73' lang='lat' dir='ltr'>figna</span> 
     </span>
     <span class='ocr_line' id='line_1_9' title="bbox 56 725 1578 774; baseline -0.006 -7"><span class='ocrx_word' id='word_1_68' title='bbox 56 742 97 767; x_wconf 83' lang='lat' dir='ltr'>et</span> <span class='ocrx_word' id='word_1_69' title='bbox 115 729 247 766; x_wconf 79' lang='lat' dir='ltr'>vexilla</span> <span class='ocrx_word' id='word_1_70' title='bbox 265 741 287 764; x_wconf 90' lang='lat' dir='ltr'>e</span> <span class='ocrx_word' id='word_1_71' title='bbox 304 728 405 771; x_wconf 88' lang='lat' dir='ltr'>solo,</span> <span class='ocrx_word' id='word_1_72' title='bbox 439 728 501 765; x_wconf 87' lang='lat' dir='ltr'>cui</span> <span class='ocrx_word' id='word_1_73' title='bbox 520 727 633 766; x_wconf 86' lang='lat' dir='ltr'>infixa</span> <span class='ocrx_word' id='word_1_74' title='bbox 653 740 779 771; x_wconf 87' lang='lat' dir='ltr'>erant,</span> <span class='ocrx_word' id='word_1_75' title='bbox 811 728 870 764; x_wconf 89' lang='lat' dir='ltr'>vel</span> <span class='ocrx_word' id='word_1_76' title='bbox 888 740 908 763; x_wconf 90' lang='lat' dir='ltr'>e</span> <span class='ocrx_word' id='word_1_77' title='bbox 929 728 1012 763; x_wconf 90' lang='lat' dir='ltr'>loco</span> <span class='ocrx_word' id='word_1_78' title='bbox 1027 751 1038 767; x_wconf 88' lang='lat'><strong><em>,</em></strong></span> <span class='ocrx_word' id='word_1_79' title='bbox 1074 725 1118 761; x_wconf 88' lang='lat' dir='ltr'>ad</span> <span class='ocrx_word' id='word_1_80' title='bbox 1140 738 1254 774; x_wconf 83' lang='lat' dir='ltr'>quern</span> <span class='ocrx_word' id='word_1_81' title='bbox 1280 725 1482 768; x_wconf 74' lang='lat' dir='ltr'>inclinata,</span> <span class='ocrx_word' id='word_1_82' title='bbox 1516 739 1578 763; x_wconf 89' lang='lat' dir='ltr'>ex-</span> 
     </span>
     <span class='ocr_line' id='line_1_10' title="bbox 55 776 1577 825; baseline -0.003 -8"><span class='ocrx_word' id='word_1_83' title='bbox 55 781 299 818; x_wconf 83' lang='lat' dir='ltr'>trahebantur</span> <span class='ocrx_word' id='word_1_84' title='bbox 318 789 358 815; x_wconf 88' lang='lat' dir='ltr'>et</span> <span class='ocrx_word' id='word_1_85' title='bbox 377 779 642 821; x_wconf 80' lang='lat' dir='ltr'>movebantur,</span> <span class='ocrx_word' id='word_1_86' title='bbox 676 779 922 825; x_wconf 89' lang='lat' dir='ltr'>manibusque</span> <span class='ocrx_word' id='word_1_87' title='bbox 955 776 1131 824; x_wconf 88' lang='lat' dir='ltr'>prehensa</span> <span class='ocrx_word' id='word_1_88' title='bbox 1161 776 1299 813; x_wconf 81' lang='lat' dir='ltr'>sursum</span> <span class='ocrx_word' id='word_1_89' title='bbox 1328 778 1577 817; x_wconf 75' lang='lat' dir='ltr'>tenebantur;</span> 
     </span>
     <span class='ocr_line' id='line_1_11' title="bbox 54 824 1578 877; baseline -0.001 -12"><span class='ocrx_word' id='word_1_90' title='bbox 54 839 270 877; x_wconf 72' lang='lat' dir='ltr'>quanquam</span> <span class='ocrx_word' id='word_1_91' title='bbox 297 828 388 864; x_wconf 82' lang='lat' dir='ltr'>alibi</span> <span class='ocrx_word' id='word_1_92' title='bbox 415 826 578 864; x_wconf 87' lang='lat' dir='ltr'>formula</span> <span class='ocrx_word' id='word_1_93' title='bbox 607 826 719 864; x_wconf 88' lang='lat' dir='ltr'>etiam</span> <span class='ocrx_word' id='word_1_94' title='bbox 748 828 820 864; x_wconf 82' lang='lat' dir='ltr'>alio</span> <span class='ocrx_word' id='word_1_95' title='bbox 851 826 957 864; x_wconf 81' lang='lat' dir='ltr'>sensu</span> <span class='ocrx_word' id='word_1_96' title='bbox 986 825 1192 873; x_wconf 76' lang='lat' dir='ltr'>accipitur,</span> <span class='ocrx_word' id='word_1_97' title='bbox 1237 838 1310 862; x_wconf 89' lang='lat' dir='ltr'>nec</span> <span class='ocrx_word' id='word_1_98' title='bbox 1341 827 1388 863; x_wconf 91' lang='lat' dir='ltr'>de</span> <span class='ocrx_word' id='word_1_99' title='bbox 1423 824 1578 863; x_wconf 82' lang='lat' dir='ltr'>militari</span> 
     </span>
     <span class='ocr_line' id='line_1_12' title="bbox 51 874 1575 926; baseline -0.001 -12"><span class='ocrx_word' id='word_1_100' title='bbox 51 879 216 921; x_wconf 84' lang='lat' dir='ltr'>vexillo,</span> <span class='ocrx_word' id='word_1_101' title='bbox 250 876 314 914; x_wconf 87' lang='lat' dir='ltr'>sed</span> <span class='ocrx_word' id='word_1_102' title='bbox 330 877 377 914; x_wconf 93' lang='lat' dir='ltr'>de</span> <span class='ocrx_word' id='word_1_103' title='bbox 396 877 649 926; x_wconf 81' lang='lat' dir='ltr'>qualicunque</span> <span class='ocrx_word' id='word_1_104' title='bbox 670 876 795 926; x_wconf 74' lang='lat' dir='ltr'>ligno,</span> <span class='ocrx_word' id='word_1_105' title='bbox 822 890 859 912; x_wconf 87' lang='lat' dir='ltr'>v.</span> <span class='ocrx_word' id='word_1_106' title='bbox 880 890 911 912; x_wconf 92' lang='lat' dir='ltr'>c.</span> <span class='ocrx_word' id='word_1_107' title='bbox 937 877 1023 914; x_wconf 89' lang='lat' dir='ltr'>velo</span> <span class='ocrx_word' id='word_1_108' title='bbox 1044 887 1082 912; x_wconf 88' lang='lat' dir='ltr'>et</span> <span class='ocrx_word' id='word_1_109' title='bbox 1099 875 1244 914; x_wconf 78' lang='lat' dir='ltr'>linteo.</span> <span class='ocrx_word' id='word_1_110' title='bbox 1280 875 1329 913; x_wconf 87' lang='lat' dir='ltr'>cf.</span> <span class='ocrx_word' id='word_1_111' title='bbox 1349 874 1430 911; x_wconf 85' lang='lat' dir='ltr'>lnd.</span> <span class='ocrx_word' id='word_1_112' title='bbox 1451 875 1575 912; x_wconf 86' lang='lat' dir='ltr'><strong>Thuc.</strong></span> 
     </span>
     <span class='ocr_line' id='line_1_13' title="bbox 51 924 1579 976; baseline -0.003 -11"><span class='ocrx_word' id='word_1_113' title='bbox 51 928 148 966; x_wconf 87' lang='lat' dir='ltr'>Xen.</span> <span class='ocrx_word' id='word_1_114' title='bbox 171 929 258 976; x_wconf 83' lang='lat' dir='ltr'><strong>Cyr.</strong></span> <span class='ocrx_word' id='word_1_115' title='bbox 279 927 374 964; x_wconf 76' lang='lat' dir='ltr'><strong>Mor.</strong></span> <span class='ocrx_word' id='word_1_116' title='bbox 394 938 434 964; x_wconf 91' lang='lat' dir='ltr'>et</span> <span class='ocrx_word' id='word_1_117' title='bbox 451 928 496 964; x_wconf 94' lang='lat' dir='ltr'>Z.</span> <span class='ocrx_word' id='word_1_118' title='bbox 525 926 564 962; x_wconf 86' lang='lat' dir='ltr'><strong>it.</strong></span> <span class='ocrx_word' id='word_1_119' title='bbox 588 927 701 963; x_wconf 89' lang='lat' dir='ltr'><strong>Diod.</strong></span> <span class='ocrx_word' id='word_1_120' title='bbox 721 930 756 963; x_wconf 85' lang='lat' dir='ltr'>S.</span> <span class='ocrx_word' id='word_1_121' title='bbox 777 938 817 963; x_wconf 89' lang='lat' dir='ltr'>et</span> <span class='ocrx_word' id='word_1_122' title='bbox 837 927 955 963; x_wconf 88' lang='lat' dir='ltr'><strong>Dion.</strong></span> <span class='ocrx_word' id='word_1_123' title='bbox 979 928 1025 962; x_wconf 84' lang='lat' dir='ltr'>H.</span> <span class='ocrx_word' id='word_1_124' title='bbox 1045 927 1080 961; x_wconf 91' lang='lat' dir='ltr'>S.</span> <span class='ocrx_word' id='word_1_125' title='bbox 1101 927 1144 962; x_wconf 89' lang='lat' dir='ltr'>T.</span> <span class='ocrx_word' id='word_1_126' title='bbox 1167 938 1196 964; x_wconf 83' lang='lat'>1.</span> <span class='ocrx_word' id='word_1_127' title='bbox 1215 938 1249 962; x_wconf 90' lang='lat' dir='ltr'>v.</span> <span class='ocrx_word' id='word_1_128' title='bbox 1263 941 1318 967; x_wconf 86' lang='grc' dir='ltr'>σ.,</span> <span class='ocrx_word' id='word_1_129' title='bbox 1343 926 1404 961; x_wconf 87' lang='lat' dir='ltr'>hic</span> <span class='ocrx_word' id='word_1_130' title='bbox 1425 928 1486 974; x_wconf 81' lang='lat' dir='ltr'>ssg.</span> <span class='ocrx_word' id='word_1_131' title='bbox 1511 924 1579 960; x_wconf 84' lang='lat' dir='ltr'>ali-</span> 
     </span>
     <span class='ocr_line' id='line_1_14' title="bbox 52 974 1577 1026; baseline -0.001 -13"><span class='ocrx_word' id='word_1_132' title='bbox 52 988 125 1019; x_wconf 71' lang='lat' dir='ltr'>ter,</span> <span class='ocrx_word' id='word_1_133' title='bbox 136 989 245 1026; x_wconf 86' lang='lat' dir='ltr'>quam</span> <span class='ocrx_word' id='word_1_134' title='bbox 257 977 281 1014; x_wconf 88' lang='lat' dir='ltr'><strong>l.</strong></span> <span class='ocrx_word' id='word_1_135' title='bbox 293 976 317 1012; x_wconf 84' lang='lat'>1.</span> <span class='ocrx_word' id='word_1_136' title='bbox 331 1001 343 1018; x_wconf 84' lang='lat'><em>,</em></span> <span class='ocrx_word' id='word_1_137' title='bbox 363 976 557 1016; x_wconf 80' lang='lat' dir='ltr'>reddente,</span> <span class='ocrx_word' id='word_1_138' title='bbox 582 976 643 1013; x_wconf 83' lang='lat' dir='ltr'>sed</span> <span class='ocrx_word' id='word_1_139' title='bbox 657 977 856 1024; x_wconf 85' lang='lat' dir='ltr'>particip.e</span> <span class='ocrx_word' id='word_1_140' title='bbox 869 977 926 1018; x_wconf 72' lang='lat' dir='ltr'>R,</span> <span class='ocrx_word' id='word_1_141' title='bbox 949 989 1026 1024; x_wconf 88' lang='lat' dir='ltr'>quo</span> <span class='ocrx_word' id='word_1_142' title='bbox 1037 974 1356 1022; x_wconf 85' lang='lat' dir='ltr'>denihilamplius</span> <span class='ocrx_word' id='word_1_143' title='bbox 1369 985 1503 1011; x_wconf 82' lang='lat' dir='ltr'>monet</span> <span class='ocrx_word' id='word_1_144' title='bbox 1513 977 1577 1012; x_wconf 82' lang='lat' dir='ltr'>Sb.</span> 
     </span>
     <span class='ocr_line' id='line_1_15' title="bbox 51 1024 1580 1074; baseline -0.003 -10"><span class='ocrx_word' id='word_1_145' title='bbox 51 1027 285 1068; x_wconf 75' lang='lat' dir='ltr'>lnd..locurn</span> <span class='ocrx_word' id='word_1_146' title='bbox 295 1026 399 1063; x_wconf 89' lang='lat' dir='ltr'>hunc</span> <span class='ocrx_word' id='word_1_147' title='bbox 409 1024 606 1074; x_wconf 77' lang='lat' dir='ltr'><strong>negligens</strong></span> <span class='ocrx_word' id='word_1_148' title='bbox 619 1025 657 1062; x_wconf 86' lang='lat' dir='ltr'>in</span> <span class='ocrx_word' id='word_1_149' title='bbox 668 1038 698 1062; x_wconf 91' lang='lat' dir='ltr'>v.</span> <span class='ocrx_word' id='word_1_150' title='bbox 711 1030 782 1067; x_wconf 83' lang='grc' dir='ltr'><strong>εἶκ..</strong></span> <span class='ocrx_word' id='word_1_151' title='bbox 802 1037 896 1073; x_wconf 85' lang='lat' dir='ltr'>quae</span> <span class='ocrx_word' id='word_1_152' title='bbox 908 1025 968 1062; x_wconf 90' lang='lat' dir='ltr'>hic</span> <span class='ocrx_word' id='word_1_153' title='bbox 981 1025 1079 1061; x_wconf 80' lang='lat' dir='ltr'>haud</span> <span class='ocrx_word' id='word_1_154' title='bbox 1091 1025 1204 1061; x_wconf 89' lang='lat' dir='ltr'>dubie</span> <span class='ocrx_word' id='word_1_155' title='bbox 1215 1024 1300 1061; x_wconf 85' lang='lat' dir='ltr'>sunt</span> <span class='ocrx_word' id='word_1_156' title='bbox 1312 1024 1367 1061; x_wconf 89' lang='lat' dir='ltr'>illi</span> <span class='ocrx_word' id='word_1_157' title='bbox 1379 1025 1515 1073; x_wconf 71' lang='lat' dir='ltr'>clypei,</span> <span class='ocrx_word' id='word_1_158' title='bbox 1531 1025 1580 1060; x_wconf 89' lang='lat' dir='ltr'>de</span> 
     </span>
     <span class='ocr_line' id='line_1_16' title="bbox 52 1073 1579 1125; baseline -0.001 -12"><span class='ocrx_word' id='word_1_159' title='bbox 52 1076 190 1125; x_wconf 85' lang='lat' dir='ltr'>quibus</span> <span class='ocrx_word' id='word_1_160' title='bbox 201 1075 341 1114; x_wconf 65' lang='lat' dir='ltr'>distum</span> <span class='ocrx_word' id='word_1_161' title='bbox 351 1076 395 1112; x_wconf 83' lang='lat' dir='ltr'>ad</span> <span class='ocrx_word' id='word_1_162' title='bbox 406 1075 440 1124; x_wconf 85' lang='lat'>§.</span> <span class='ocrx_word' id='word_1_163' title='bbox 455 1087 468 1112; x_wconf 86' lang='grc' dir='ltr'>ι</span> <span class='ocrx_word' id='word_1_164' title='bbox 479 1086 512 1119; x_wconf 85' lang='grc' dir='ltr'>ς.</span> <span class='ocrx_word' id='word_1_165' title='bbox 526 1088 573 1111; x_wconf 87' lang='lat' dir='ltr'><strong>m.</strong></span> <span class='ocrx_word' id='word_1_166' title='bbox 584 1075 632 1110; x_wconf 89' lang='lat' dir='ltr'>cf.</span> <span class='ocrx_word' id='word_1_167' title='bbox 646 1075 784 1122; x_wconf 84' lang='lat' dir='ltr'><strong>Nieup.</strong></span> <span class='ocrx_word' id='word_1_168' title='bbox 795 1076 818 1111; x_wconf 92' lang='lat' dir='ltr'><strong>l.</strong></span> <span class='ocrx_word' id='word_1_169' title='bbox 832 1075 854 1109; x_wconf 86' lang='lat' dir='ltr'><strong>l.</strong></span> <span class='ocrx_word' id='word_1_170' title='bbox 868 1087 902 1121; x_wconf 87' lang='lat' dir='ltr'>p.</span> <span class='ocrx_word' id='word_1_171' title='bbox 918 1079 999 1122; x_wconf 82' lang='lat'><strong>336.</strong></span> <span class='ocrx_word' id='word_1_172' title='bbox 1012 1089 1057 1110; x_wconf 87' lang='lat' dir='ltr'><strong>m.</strong></span> <span class='ocrx_word' id='word_1_173' title='bbox 1071 1074 1133 1111; x_wconf 85' lang='lat' dir='ltr'>ubi</span> <span class='ocrx_word' id='word_1_174' title='bbox 1149 1087 1182 1122; x_wconf 85' lang='lat' dir='ltr'>p.</span> <span class='ocrx_word' id='word_1_175' title='bbox 1196 1074 1246 1122; x_wconf 89' lang='lat' dir='ltr'>sq.</span> <span class='ocrx_word' id='word_1_176' title='bbox 1258 1073 1371 1110; x_wconf 85' lang='lat' dir='ltr'>etiam</span> <span class='ocrx_word' id='word_1_177' title='bbox 1382 1074 1525 1122; x_wconf 86' lang='lat' dir='ltr'>aliquid</span> <span class='ocrx_word' id='word_1_178' title='bbox 1536 1075 1579 1111; x_wconf 91' lang='lat' dir='ltr'>in</span> 
     </span>
     <span class='ocr_line' id='line_1_17' title="bbox 52 1123 1580 1174; baseline -0.002 -11"><span class='ocrx_word' id='word_1_179' title='bbox 52 1125 366 1166; x_wconf 82' lang='lat' dir='ltr'>Sb.sententiaxn,</span> <span class='ocrx_word' id='word_1_180' title='bbox 391 1126 439 1161; x_wconf 92' lang='lat' dir='ltr'>de</span> <span class='ocrx_word' id='word_1_181' title='bbox 459 1125 604 1162; x_wconf 83' lang='lat' dir='ltr'>vexillis</span> <span class='ocrx_word' id='word_1_182' title='bbox 632 1126 799 1174; x_wconf 82' lang='lat' dir='ltr'>„quibus</span> <span class='ocrx_word' id='word_1_183' title='bbox 812 1138 951 1161; x_wconf 87' lang='lat' dir='ltr'>nomen</span> <span class='ocrx_word' id='word_1_184' title='bbox 966 1123 1202 1172; x_wconf 84' lang='lat' dir='ltr'>imperatoris</span> <span class='ocrx_word' id='word_1_185' title='bbox 1214 1123 1331 1160; x_wconf 82' lang='lat' dir='ltr'>aureis</span> <span class='ocrx_word' id='word_1_186' title='bbox 1349 1124 1486 1161; x_wconf 82' lang='lat' dir='ltr'>litteris</span> <span class='ocrx_word' id='word_1_187' title='bbox 1499 1133 1580 1162; x_wconf 84' lang='lat' dir='ltr'>erat</span> 
     </span>
     <span class='ocr_line' id='line_1_18' title="bbox 52 1173 1577 1224; baseline -0.003 -10"><span class='ocrx_word' id='word_1_188' title='bbox 52 1176 274 1214; x_wconf 77' lang='lat' dir='ltr'>intextum“</span> <span class='ocrx_word' id='word_1_189' title='bbox 297 1186 364 1212; x_wconf 87' lang='lat' dir='ltr'>aut</span> <span class='ocrx_word' id='word_1_190' title='bbox 385 1185 486 1212; x_wconf 89' lang='lat' dir='ltr'>certe</span> <span class='ocrx_word' id='word_1_191' title='bbox 501 1176 753 1224; x_wconf 86' lang='lat' dir='ltr'>qualicunque</span> <span class='ocrx_word' id='word_1_192' title='bbox 772 1175 886 1212; x_wconf 87' lang='lat' dir='ltr'>modo</span> <span class='ocrx_word' id='word_1_193' title='bbox 911 1174 1151 1222; x_wconf 88' lang='lat' dir='ltr'>inscriptum,</span> <span class='ocrx_word' id='word_1_194' title='bbox 1177 1187 1211 1210; x_wconf 89' lang='lat' dir='ltr'>v.</span> <span class='ocrx_word' id='word_1_195' title='bbox 1232 1173 1329 1220; x_wconf 86' lang='lat' dir='ltr'><strong>Lips.</strong></span> <span class='ocrx_word' id='word_1_196' title='bbox 1350 1175 1375 1210; x_wconf 94' lang='lat' dir='ltr'><strong>l.</strong></span> <span class='ocrx_word' id='word_1_197' title='bbox 1390 1175 1412 1211; x_wconf 94' lang='lat' dir='ltr'><strong>l.</strong></span> <span class='ocrx_word' id='word_1_198' title='bbox 1436 1187 1470 1221; x_wconf 89' lang='lat' dir='ltr'>p.</span> <span class='ocrx_word' id='word_1_199' title='bbox 1497 1186 1577 1218; x_wconf 86' lang='lat'><strong>170.</strong></span> 
     </span>
     <span class='ocr_line' id='line_1_19' title="bbox 52 1223 1579 1274; baseline -0.001 -11"><span class='ocrx_word' id='word_1_200' title='bbox 52 1239 86 1263; x_wconf 81' lang='lat' dir='ltr'><strong>e.</strong></span> <span class='ocrx_word' id='word_1_201' title='bbox 109 1225 182 1274; x_wconf 80' lang='lat' dir='ltr'><strong>sq..</strong></span> <span class='ocrx_word' id='word_1_202' title='bbox 213 1237 289 1273; x_wconf 89' lang='lat' dir='ltr'>quo</span> <span class='ocrx_word' id='word_1_203' title='bbox 307 1224 388 1272; x_wconf 86' lang='lat' dir='ltr'>ipso</span> <span class='ocrx_word' id='word_1_204' title='bbox 410 1225 589 1262; x_wconf 83' lang='lat' dir='ltr'>memoria</span> <span class='ocrx_word' id='word_1_205' title='bbox 610 1225 773 1262; x_wconf 82' lang='lat' dir='ltr'>restituta</span> <span class='ocrx_word' id='word_1_206' title='bbox 796 1225 1017 1267; x_wconf 76' lang='lat' dir='ltr'>Commodi,</span> <span class='ocrx_word' id='word_1_207' title='bbox 1055 1236 1131 1272; x_wconf 86' lang='lat' dir='ltr'>quo</span> <span class='ocrx_word' id='word_1_208' title='bbox 1152 1223 1222 1266; x_wconf 89' lang='lat' dir='ltr'>de,</span> <span class='ocrx_word' id='word_1_209' title='bbox 1259 1235 1301 1261; x_wconf 88' lang='lat' dir='ltr'>ut</span> <span class='ocrx_word' id='word_1_210' title='bbox 1321 1224 1385 1272; x_wconf 85' lang='lat' dir='ltr'>qui</span> <span class='ocrx_word' id='word_1_211' title='bbox 1407 1223 1579 1271; x_wconf 78' lang='lat' dir='ltr'>proxime</span> 
     </span>
     <span class='ocr_line' id='line_1_20' title="bbox 51 1273 1578 1324; baseline -0.001 -12"><span class='ocrx_word' id='word_1_212' title='bbox 51 1287 73 1312; x_wconf 76' lang='lat' dir='ltr'>a</span> <span class='ocrx_word' id='word_1_213' title='bbox 92 1275 227 1313; x_wconf 82' lang='lat' dir='ltr'>Nostro</span> <span class='ocrx_word' id='word_1_214' title='bbox 245 1273 472 1312; x_wconf 87' lang='lat' dir='ltr'>nominatim</span> <span class='ocrx_word' id='word_1_215' title='bbox 494 1275 660 1324; x_wconf 85' lang='lat' dir='ltr'>prolatus</span> <span class='ocrx_word' id='word_1_216' title='bbox 677 1287 778 1316; x_wconf 84' lang='lat' dir='ltr'>erat,</span> <span class='ocrx_word' id='word_1_217' title='bbox 815 1287 854 1312; x_wconf 90' lang='lat' dir='ltr'>et</span> <span class='ocrx_word' id='word_1_218' title='bbox 876 1274 952 1323; x_wconf 85' lang='lat' dir='ltr'>ipse</span> <span class='ocrx_word' id='word_1_219' title='bbox 980 1275 1073 1311; x_wconf 90' lang='lat' dir='ltr'>illud</span> <span class='ocrx_word' id='word_1_220' title='bbox 1092 1279 1215 1312; x_wconf 70' lang='grc' dir='ltr'><strong><em>ἐκείνου</em></strong></span> <span class='ocrx_word' id='word_1_221' title='bbox 1232 1273 1460 1322; x_wconf 84' lang='lat' dir='ltr'>intelligam,</span> <span class='ocrx_word' id='word_1_222' title='bbox 1496 1286 1578 1311; x_wconf 85' lang='lat' dir='ltr'>non</span> 
     </span>
     <span class='ocr_line' id='line_1_21' title="bbox 53 1323 1578 1367; baseline -0.001 -4"><span class='ocrx_word' id='word_1_223' title='bbox 53 1327 101 1364; x_wconf 88' lang='lat' dir='ltr'>de</span> <span class='ocrx_word' id='word_1_224' title='bbox 119 1325 285 1366; x_wconf 84' lang='lat' dir='ltr'>luliano;</span> <span class='ocrx_word' id='word_1_225' title='bbox 318 1323 411 1361; x_wconf 80' lang='lat' dir='ltr'>ficut</span> <span class='ocrx_word' id='word_1_226' title='bbox 430 1325 565 1367; x_wconf 83' lang='lat' dir='ltr'>credo,</span> <span class='ocrx_word' id='word_1_227' title='bbox 603 1327 640 1361; x_wconf 78' lang='grc' dir='ltr'>Ρ.</span> <span class='ocrx_word' id='word_1_228' title='bbox 660 1324 813 1363; x_wconf 85' lang='lat' dir='ltr'>liberius</span> <span class='ocrx_word' id='word_1_229' title='bbox 833 1325 895 1362; x_wconf 90' lang='lat' dir='ltr'>hic</span> <span class='ocrx_word' id='word_1_230' title='bbox 919 1324 1103 1362; x_wconf 79' lang='lat' dir='ltr'>versatum</span> <span class='ocrx_word' id='word_1_231' title='bbox 1126 1324 1165 1360; x_wconf 88' lang='lat' dir='ltr'>in</span> <span class='ocrx_word' id='word_1_232' title='bbox 1184 1336 1219 1359; x_wconf 92' lang='lat' dir='ltr'>v.</span> <span class='ocrx_word' id='word_1_233' title='bbox 1240 1328 1342 1361; x_wconf 69' lang='grc' dir='ltr'><strong>ἀποκ.</strong></span> <span class='ocrx_word' id='word_1_234' title='bbox 1357 1349 1366 1365; x_wconf 85' lang='grc'><strong>,</strong></span> <span class='ocrx_word' id='word_1_235' title='bbox 1402 1324 1463 1360; x_wconf 87' lang='lat' dir='ltr'>ubi</span> <span class='ocrx_word' id='word_1_236' title='bbox 1487 1324 1578 1361; x_wconf 76' lang='lat' dir='ltr'>Sch-</span> 
     </span>
     <span class='ocr_line' id='line_1_22' title="bbox 50 1372 1577 1424; baseline 0 -13"><span class='ocrx_word' id='word_1_237' title='bbox 50 1386 198 1424; x_wconf 82' lang='lat' dir='ltr'>„quum</span> <span class='ocrx_word' id='word_1_238' title='bbox 219 1373 468 1423; x_wconf 63' lang='lat' dir='ltr'>restituq&#39;ffi’nt,</span> <span class='ocrx_word' id='word_1_239' title='bbox 493 1373 532 1411; x_wconf 91' lang='lat' dir='ltr'>in</span> <span class='ocrx_word' id='word_1_240' title='bbox 551 1374 743 1422; x_wconf 82' lang='lat' dir='ltr'>pristinum</span> <span class='ocrx_word' id='word_1_241' title='bbox 764 1376 891 1412; x_wconf 90' lang='lat' dir='ltr'>locum</span> <span class='ocrx_word' id='word_1_242' title='bbox 905 1401 915 1417; x_wconf 90' lang='lat'>,</span> <span class='ocrx_word' id='word_1_243' title='bbox 942 1374 1135 1412; x_wconf 60' lang='lat' dir='ltr'>destruelas</span> <span class='ocrx_word' id='word_1_244' title='bbox 1154 1372 1365 1421; x_wconf 78' lang='lat' dir='ltr'>imagines«</span> <span class='ocrx_word' id='word_1_245' title='bbox 1393 1387 1477 1409; x_wconf 89' lang='lat' dir='ltr'>cum</span> <span class='ocrx_word' id='word_1_246' title='bbox 1497 1374 1577 1411; x_wconf 82' lang='lat' dir='ltr'><strong>Lat.</strong></span> 
     </span>
     <span class='ocr_line' id='line_1_23' title="bbox 52 1423 1576 1475; baseline -0.001 -13"><span class='ocrx_word' id='word_1_247' title='bbox 52 1426 221 1475; x_wconf 77' lang='lat' dir='ltr'><strong>Bg.‚&#39;ap.</strong></span> <span class='ocrx_word' id='word_1_248' title='bbox 240 1426 288 1463; x_wconf 91' lang='lat' dir='ltr'>G.</span> <span class='ocrx_word' id='word_1_249' title='bbox 307 1425 384 1461; x_wconf 86' lang='lat' dir='ltr'>Th.</span> <span class='ocrx_word' id='word_1_250' title='bbox 404 1435 490 1461; x_wconf 89' lang='lat' dir='ltr'>cum</span> <span class='ocrx_word' id='word_1_251' title='bbox 509 1426 577 1462; x_wconf 83' lang='lat' dir='ltr'>Gr.</span> <span class='ocrx_word' id='word_1_252' title='bbox 601 1437 660 1466; x_wconf 92' lang='lat' dir='ltr'><strong>n.‚</strong></span> <span class='ocrx_word' id='word_1_253' title='bbox 697 1437 740 1462; x_wconf 91' lang='lat' dir='ltr'>ut</span> <span class='ocrx_word' id='word_1_254' title='bbox 759 1427 837 1473; x_wconf 84' lang='lat' dir='ltr'><strong>Stp.</strong></span> <span class='ocrx_word' id='word_1_255' title='bbox 853 1426 927 1461; x_wconf 89' lang='lat' dir='ltr'>Th.</span> <span class='ocrx_word' id='word_1_256' title='bbox 942 1449 950 1465; x_wconf 81' lang='lat'>.</span> <span class='ocrx_word' id='word_1_257' title='bbox 980 1424 1058 1460; x_wconf 80' lang='lat' dir='ltr'>fere</span> <span class='ocrx_word' id='word_1_258' title='bbox 1076 1435 1120 1461; x_wconf 86' lang='lat' dir='ltr'>ut</span> <span class='ocrx_word' id='word_1_259' title='bbox 1140 1433 1228 1460; x_wconf 89' lang='lat' dir='ltr'>ante</span> <span class='ocrx_word' id='word_1_260' title='bbox 1248 1423 1292 1458; x_wconf 89' lang='lat' dir='ltr'>ad</span> <span class='ocrx_word' id='word_1_261' title='bbox 1308 1436 1356 1458; x_wconf 88' lang='lat' dir='ltr'><strong>m.</strong></span> <span class='ocrx_word' id='word_1_262' title='bbox 1371 1424 1576 1471; x_wconf 73' lang='lat' dir='ltr'><strong>P.121773.</strong></span> 
     </span>
     <span class='ocr_line' id='line_1_24' title="bbox 50 1468 1575 1522; baseline -0.001 -11"><span class='ocrx_word' id='word_1_263' title='bbox 50 1474 93 1512; x_wconf 79' lang='lat' dir='ltr'>F.</span> <span class='ocrx_word' id='word_1_264' title='bbox 119 1473 303 1514; x_wconf 77' lang='lat' dir='ltr'>„restituo</span> <span class='ocrx_word' id='word_1_265' title='bbox 333 1473 371 1510; x_wconf 89' lang='lat' dir='ltr'>in</span> <span class='ocrx_word' id='word_1_266' title='bbox 399 1474 591 1522; x_wconf 87' lang='lat' dir='ltr'>pristinum</span> <span class='ocrx_word' id='word_1_267' title='bbox 614 1475 744 1511; x_wconf 85' lang='lat' dir='ltr'>statum</span> <span class='ocrx_word' id='word_1_268' title='bbox 760 1499 770 1516; x_wconf 84' lang='lat'><em>,</em></span> <span class='ocrx_word' id='word_1_269' title='bbox 806 1486 851 1512; x_wconf 87' lang='lat' dir='ltr'>ut</span> <span class='ocrx_word' id='word_1_270' title='bbox 871 1487 926 1522; x_wconf 82' lang='lat' dir='ltr'><strong>ap.</strong></span> <span class='ocrx_word' id='word_1_271' title='bbox 949 1474 1108 1511; x_wconf 81' lang='lat' dir='ltr'>Herodi.</span> <span class='ocrx_word' id='word_1_272' title='bbox 1127 1479 1190 1515; x_wconf 71' lang='grc' dir='ltr'>τὰς</span> <span class='ocrx_word' id='word_1_273' title='bbox 1216 1474 1279 1511; x_wconf 80' lang='grc' dir='ltr'>τοῦ</span> <span class='ocrx_word' id='word_1_274' title='bbox 1304 1468 1484 1518; x_wconf 69' lang='grc' dir='ltr'>Κομμὸδου</span> <span class='ocrx_word' id='word_1_275' title='bbox 1512 1479 1575 1512; x_wconf 68' lang='lat' dir='ltr'><strong>cix.</strong></span> 
     </span>
     <span class='ocr_line' id='line_1_25' title="bbox 50 1520 1578 1568; baseline -0.002 -6"><span class='ocrx_word' id='word_1_276' title='bbox 50 1528 116 1562; x_wconf 66' lang='grc' dir='ltr'>ἀπ.</span> <span class='ocrx_word' id='word_1_277' title='bbox 130 1549 141 1566; x_wconf 90' lang='grc'><strong>,</strong></span> <span class='ocrx_word' id='word_1_278' title='bbox 166 1520 209 1567; x_wconf 65' lang='grc' dir='ltr'>ἃς</span> <span class='ocrx_word' id='word_1_279' title='bbox 231 1523 252 1567; x_wconf 73' lang='grc' dir='ltr'><em>ἤ</em></span> <span class='ocrx_word' id='word_1_280' title='bbox 272 1528 464 1568; x_wconf 70' lang='grc' dir='ltr'><strong><em>σύγκλητος</em></strong></span> <span class='ocrx_word' id='word_1_281' title='bbox 481 1528 653 1564; x_wconf 61' lang='lat' dir='ltr'>’‘casatas“</span> <span class='ocrx_word' id='word_1_282' title='bbox 677 1523 755 1561; x_wconf 84' lang='lat' dir='ltr'>fine</span> <span class='ocrx_word' id='word_1_283' title='bbox 776 1525 846 1561; x_wconf 85' lang='lat' dir='ltr'>alia</span> <span class='ocrx_word' id='word_1_284' title='bbox 873 1526 958 1566; x_wconf 82' lang='lat' dir='ltr'><strong>Vs.‚</strong></span> <span class='ocrx_word' id='word_1_285' title='bbox 990 1524 1052 1561; x_wconf 86' lang='lat' dir='ltr'>sed</span> <span class='ocrx_word' id='word_1_286' title='bbox 1073 1524 1122 1560; x_wconf 90' lang='lat' dir='ltr'>ita</span> <span class='ocrx_word' id='word_1_287' title='bbox 1142 1524 1258 1560; x_wconf 82' lang='lat' dir='ltr'>libere</span> <span class='ocrx_word' id='word_1_288' title='bbox 1277 1535 1298 1559; x_wconf 89' lang='lat' dir='ltr'>e</span> <span class='ocrx_word' id='word_1_289' title='bbox 1317 1525 1410 1560; x_wconf 86' lang='lat' dir='ltr'><strong>Bud.</strong></span> <span class='ocrx_word' id='word_1_290' title='bbox 1427 1525 1470 1560; x_wconf 88' lang='lat' dir='ltr'>C.</span> <span class='ocrx_word' id='word_1_291' title='bbox 1489 1527 1578 1567; x_wconf 88' lang='lat'>676,</span> 
     </span>
     <span class='ocr_line' id='line_1_26' title="bbox 53 1572 1577 1622; baseline 0.001 -12"><span class='ocrx_word' id='word_1_292' title='bbox 53 1585 136 1614; x_wconf 63' lang='lat'>21„</span> <span class='ocrx_word' id='word_1_293' title='bbox 168 1572 370 1620; x_wconf 80' lang='lat' dir='ltr'>respiciens</span> <span class='ocrx_word' id='word_1_294' title='bbox 389 1574 514 1611; x_wconf 82' lang='lat' dir='ltr'>locum</span> <span class='ocrx_word' id='word_1_295' title='bbox 536 1573 652 1622; x_wconf 83' lang='lat'><strong>§.15.</strong></span> <span class='ocrx_word' id='word_1_296' title='bbox 674 1587 744 1614; x_wconf 72' lang='grc' dir='ltr'>ιη..</span> <span class='ocrx_word' id='word_1_297' title='bbox 777 1585 818 1611; x_wconf 89' lang='lat' dir='ltr'>et</span> <span class='ocrx_word' id='word_1_298' title='bbox 837 1574 912 1610; x_wconf 87' lang='lat' dir='ltr'>vim</span> <span class='ocrx_word' id='word_1_299' title='bbox 935 1586 1014 1610; x_wconf 89' lang='lat' dir='ltr'>non</span> <span class='ocrx_word' id='word_1_300' title='bbox 1037 1574 1132 1610; x_wconf 86' lang='lat' dir='ltr'>male</span> <span class='ocrx_word' id='word_1_301' title='bbox 1153 1573 1319 1611; x_wconf 87' lang='lat' dir='ltr'>tribuens</span> <span class='ocrx_word' id='word_1_302' title='bbox 1339 1585 1464 1620; x_wconf 84' lang='lat' dir='ltr'><strong>praep.</strong></span> <span class='ocrx_word' id='word_1_303' title='bbox 1479 1597 1491 1614; x_wconf 90' lang='lat'><em>‚</em></span> <span class='ocrx_word' id='word_1_304' title='bbox 1527 1573 1577 1611; x_wconf 90' lang='lat' dir='ltr'>cf.</span> 
     </span>
     <span class='ocr_line' id='line_1_27' title="bbox 53 1622 1578 1671; baseline 0 -11"><span class='ocrx_word' id='word_1_305' title='bbox 53 1623 100 1660; x_wconf 87' lang='lat' dir='ltr'>L.</span> <span class='ocrx_word' id='word_1_306' title='bbox 120 1622 167 1660; x_wconf 86' lang='lat' dir='ltr'>N.</span> <span class='ocrx_word' id='word_1_307' title='bbox 188 1623 238 1658; x_wconf 89' lang='lat' dir='ltr'>T.</span> <span class='ocrx_word' id='word_1_308' title='bbox 259 1633 298 1659; x_wconf 91' lang='lat' dir='ltr'>et</span> <span class='ocrx_word' id='word_1_309' title='bbox 316 1623 406 1660; x_wconf 89' lang='lat' dir='ltr'><strong>Obs.</strong></span> <span class='ocrx_word' id='word_1_310' title='bbox 424 1625 513 1661; x_wconf 83' lang='lat' dir='ltr'><strong>Krb.</strong></span> <span class='ocrx_word' id='word_1_311' title='bbox 537 1636 572 1671; x_wconf 89' lang='lat' dir='ltr'>p.</span> <span class='ocrx_word' id='word_1_312' title='bbox 590 1636 667 1667; x_wconf 84' lang='lat'><strong>172.</strong></span> <span class='ocrx_word' id='word_1_313' title='bbox 686 1636 718 1659; x_wconf 89' lang='lat' dir='ltr'><strong>e.</strong></span> <span class='ocrx_word' id='word_1_314' title='bbox 747 1635 831 1660; x_wconf 88' lang='lat' dir='ltr'>cum</span> <span class='ocrx_word' id='word_1_315' title='bbox 854 1626 961 1660; x_wconf 81' lang='lat' dir='ltr'><strong>Dect.</strong></span> <span class='ocrx_word' id='word_1_316' title='bbox 987 1624 1026 1659; x_wconf 80' lang='lat' dir='ltr'>R.</span> <span class='ocrx_word' id='word_1_317' title='bbox 1051 1637 1084 1670; x_wconf 91' lang='lat' dir='ltr'>p.</span> <span class='ocrx_word' id='word_1_318' title='bbox 1103 1625 1131 1660; x_wconf 93' lang='lat' dir='ltr'>I.</span> <span class='ocrx_word' id='word_1_319' title='bbox 1155 1637 1189 1670; x_wconf 82' lang='lat' dir='ltr'>p.</span> <span class='ocrx_word' id='word_1_320' title='bbox 1214 1634 1292 1668; x_wconf 86' lang='lat'>¹05·</span> <span class='ocrx_word' id='word_1_321' title='bbox 1316 1635 1365 1660; x_wconf 88' lang='lat' dir='ltr'><strong>m.</strong></span> <span class='ocrx_word' id='word_1_322' title='bbox 1392 1622 1518 1670; x_wconf 87' lang='lat' dir='ltr'><strong>Kypk.</strong></span> <span class='ocrx_word' id='word_1_323' title='bbox 1542 1636 1578 1667; x_wconf 85' lang='lat'>2,</span> 
     </span>
     <span class='ocr_line' id='line_1_28' title="bbox 55 1670 1575 1768; baseline 0.001 -60"><span class='ocrx_word' id='word_1_324' title='bbox 55 1685 94 1718; x_wconf 82' lang='lat'>4.</span> <span class='ocrx_word' id='word_1_325' title='bbox 115 1684 148 1710; x_wconf 87' lang='lat' dir='ltr'><strong>e.</strong></span> <span class='ocrx_word' id='word_1_326' title='bbox 171 1671 274 1756; x_wconf 52' lang='lat' dir='ltr'>sussd&#39;</span> <span class='ocrx_word' id='word_1_327' title='bbox 298 1683 329 1714; x_wconf 83' lang='lat'>1,</span> <span class='ocrx_word' id='word_1_328' title='bbox 348 1676 428 1768; x_wconf 61' lang='lat'><strong>236.</strong></span> <span class='ocrx_word' id='word_1_329' title='bbox 448 1673 472 1710; x_wconf 89' lang='lat' dir='ltr'><strong>i.</strong></span> <span class='ocrx_word' id='word_1_330' title='bbox 508 1673 590 1710; x_wconf 88' lang='lat' dir='ltr'>Ind.</span> <span class='ocrx_word' id='word_1_331' title='bbox 611 1675 723 1710; x_wconf 87' lang='lat' dir='ltr'><strong>Dem.</strong></span> <span class='ocrx_word' id='word_1_332' title='bbox 741 1674 835 1710; x_wconf 91' lang='lat' dir='ltr'>Xen.</span> <span class='ocrx_word' id='word_1_333' title='bbox 856 1674 934 1711; x_wconf 89' lang='lat' dir='ltr'><strong>Pol.</strong></span> <span class='ocrx_word' id='word_1_334' title='bbox 956 1674 1000 1710; x_wconf 94' lang='lat' dir='ltr'>Z.</span> <span class='ocrx_word' id='word_1_335' title='bbox 1023 1684 1063 1711; x_wconf 89' lang='lat' dir='ltr'>et</span> <span class='ocrx_word' id='word_1_336' title='bbox 1081 1673 1197 1710; x_wconf 84' lang='lat' dir='ltr'><strong>Diod.</strong></span> <span class='ocrx_word' id='word_1_337' title='bbox 1217 1673 1254 1709; x_wconf 88' lang='lat' dir='ltr'>S.</span> <span class='ocrx_word' id='word_1_338' title='bbox 1294 1670 1337 1711; x_wconf 89' lang='lat' dir='ltr'><strong>it.</strong></span> <span class='ocrx_word' id='word_1_339' title='bbox 1359 1673 1399 1712; x_wconf 88' lang='lat' dir='ltr'>Z.</span> <span class='ocrx_word' id='word_1_340' title='bbox 1425 1675 1470 1710; x_wconf 82' lang='lat' dir='ltr'>ad</span> <span class='ocrx_word' id='word_1_341' title='bbox 1490 1672 1575 1724; x_wconf 86' lang='lat' dir='ltr'><strong>Vig.</strong></span> 
     </span>
     <span class='ocr_line' id='line_1_29' title="bbox 53 1725 399 1770; baseline 0.003 -13"><span class='ocrx_word' id='word_1_342' title='bbox 53 1733 92 1770; x_wconf 81' lang='lat' dir='ltr'>p.</span> <span class='ocrx_word' id='word_1_343' title='bbox 116 1725 197 1766; x_wconf 84' lang='lat'><strong>565.</strong></span> <span class='ocrx_word' id='word_1_344' title='bbox 247 1747 256 1756; x_wconf 93' lang='lat'>.</span> <span class='ocrx_word' id='word_1_345' title='bbox 279 1733 327 1757; x_wconf 91' lang='lat' dir='ltr'><strong>m.</strong></span> <span class='ocrx_word' id='word_1_346' title='bbox 347 1735 365 1757; x_wconf 86' lang='lat'><em>2</em></span> <span class='ocrx_word' id='word_1_347' title='bbox 390 1748 399 1758; x_wconf 94' lang='lat'>.</span> 
     </span>
    </p>

    <p class='ocr_par' dir='ltr' id='par_1_6' title="bbox 46 1770 1577 2814">
     <span class='ocr_line' id='line_1_30' title="bbox 105 1770 1577 1822; baseline 0.003 -15"><span class='ocrx_word' id='word_1_348' title='bbox 105 1772 296 1817; x_wconf 57' lang='lat' dir='ltr'>neaman.)</span> <span class='ocrx_word' id='word_1_349' title='bbox 324 1770 505 1808; x_wconf 80' lang='lat' dir='ltr'>Omiss&#39;um</span> <span class='ocrx_word' id='word_1_350' title='bbox 524 1784 629 1819; x_wconf 85' lang='lat' dir='ltr'><strong>pron.</strong></span> <span class='ocrx_word' id='word_1_351' title='bbox 650 1773 934 1820; x_wconf 53' lang='lat' dir='ltr'>adra-‘&#39;explerat</span> <span class='ocrx_word' id='word_1_352' title='bbox 954 1775 990 1810; x_wconf 83' lang='lat' dir='ltr'>P.</span> <span class='ocrx_word' id='word_1_353' title='bbox 1011 1786 1076 1821; x_wconf 87' lang='lat' dir='ltr'>per</span> <span class='ocrx_word' id='word_1_354' title='bbox 1095 1774 1200 1812; x_wconf 83' lang='lat' dir='ltr'><strong>subst.</strong></span> <span class='ocrx_word' id='word_1_355' title='bbox 1219 1773 1299 1822; x_wconf 89' lang='lat' dir='ltr'><strong>syn.</strong></span> <span class='ocrx_word' id='word_1_356' title='bbox 1319 1774 1499 1818; x_wconf 80' lang='lat' dir='ltr'>bominem,</span> <span class='ocrx_word' id='word_1_357' title='bbox 1525 1774 1577 1813; x_wconf 86' lang='lat' dir='ltr'><strong>cf.</strong></span> 
     </span>
     <span class='ocr_line' id='line_1_31' title="bbox 57 1818 1574 1873; baseline 0.005 -18"><span class='ocrx_word' id='word_1_358' title='bbox 57 1823 94 1860; x_wconf 61' lang='grc' dir='ltr'>ἢ</span> <span class='ocrx_word' id='word_1_359' title='bbox 111 1831 145 1863; x_wconf 86' lang='grc'>9,</span> <span class='ocrx_word' id='word_1_360' title='bbox 172 1831 226 1854; x_wconf 82' lang='lat'>12.</span> <span class='ocrx_word' id='word_1_361' title='bbox 246 1818 294 1860; x_wconf 89' lang='lat' dir='ltr'><strong>i.,</strong></span> <span class='ocrx_word' id='word_1_362' title='bbox 321 1822 384 1869; x_wconf 86' lang='lat' dir='ltr'>Bg.</span> <span class='ocrx_word' id='word_1_363' title='bbox 402 1820 591 1857; x_wconf 84' lang='lat' dir='ltr'>retinente</span> <span class='ocrx_word' id='word_1_364' title='bbox 612 1834 658 1859; x_wconf 88' lang='lat' dir='ltr'>ex</span> <span class='ocrx_word' id='word_1_365' title='bbox 678 1835 724 1858; x_wconf 87' lang='lat' dir='ltr'>eo</span> <span class='ocrx_word' id='word_1_366' title='bbox 749 1833 895 1860; x_wconf 87' lang='lat' dir='ltr'>tantum</span> <span class='ocrx_word' id='word_1_367' title='bbox 917 1824 997 1860; x_wconf 82' lang='lat' dir='ltr'><strong>Lat.</strong></span> <span class='ocrx_word' id='word_1_368' title='bbox 1020 1823 1059 1860; x_wconf 87' lang='lat' dir='ltr'>in</span> <span class='ocrx_word' id='word_1_369' title='bbox 1080 1836 1112 1860; x_wconf 88' lang='grc' dir='ltr'>ν.</span> <span class='ocrx_word' id='word_1_370' title='bbox 1135 1836 1229 1866; x_wconf 65' lang='lat' dir='ltr'>utin,</span> <span class='ocrx_word' id='word_1_371' title='bbox 1262 1825 1324 1862; x_wconf 89' lang='lat' dir='ltr'>sed</span> <span class='ocrx_word' id='word_1_372' title='bbox 1355 1837 1504 1873; x_wconf 82' lang='lat' dir='ltr'>tempus</span> <span class='ocrx_word' id='word_1_373' title='bbox 1532 1824 1574 1862; x_wconf 87' lang='lat' dir='ltr'>in</span> 
     </span>
     <span class='ocr_line' id='line_1_32' title="bbox 54 1867 1574 1922; baseline 0.004 -17"><span class='ocrx_word' id='word_1_374' title='bbox 54 1872 108 1906; x_wconf 62' lang='lat'>32·-</span> <span class='ocrx_word' id='word_1_375' title='bbox 128 1881 150 1904; x_wconf 87' lang='lat' dir='ltr'>e</span> <span class='ocrx_word' id='word_1_376' title='bbox 169 1867 278 1910; x_wconf 77' lang='lat' dir='ltr'><strong>Sch..</strong></span> <span class='ocrx_word' id='word_1_377' title='bbox 315 1880 393 1917; x_wconf 91' lang='lat' dir='ltr'>quo</span> <span class='ocrx_word' id='word_1_378' title='bbox 423 1868 464 1906; x_wconf 88' lang='lat' dir='ltr'>in</span> <span class='ocrx_word' id='word_1_379' title='bbox 485 1871 546 1919; x_wconf 76' lang='lat' dir='ltr'>Bg.</span> <span class='ocrx_word' id='word_1_380' title='bbox 566 1872 644 1907; x_wconf 88' lang='lat' dir='ltr'><strong>Lat.</strong></span> <span class='ocrx_word' id='word_1_381' title='bbox 674 1873 770 1908; x_wconf 90' lang='lat' dir='ltr'>bene</span> <span class='ocrx_word' id='word_1_382' title='bbox 790 1873 835 1908; x_wconf 92' lang='lat' dir='ltr'>G.</span> <span class='ocrx_word' id='word_1_383' title='bbox 855 1873 931 1908; x_wconf 91' lang='lat' dir='ltr'>Th.</span> <span class='ocrx_word' id='word_1_384' title='bbox 958 1875 1134 1913; x_wconf 84' lang='lat' dir='ltr'>„tendere</span> <span class='ocrx_word' id='word_1_385' title='bbox 1161 1887 1228 1922; x_wconf 81' lang='lat' dir='ltr'>pro</span> <span class='ocrx_word' id='word_1_386' title='bbox 1258 1876 1520 1912; x_wconf 64' lang='lat' dir='ltr'>contendere«</span> <span class='ocrx_word' id='word_1_387' title='bbox 1548 1874 1574 1912; x_wconf 86' lang='lat' dir='ltr'><strong>i.</strong></span> 
     </span>
     <span class='ocr_line' id='line_1_33' title="bbox 53 1916 1573 1973; baseline 0.005 -20"><span class='ocrx_word' id='word_1_388' title='bbox 53 1917 175 1960; x_wconf 80' lang='lat' dir='ltr'>velie,</span> <span class='ocrx_word' id='word_1_389' title='bbox 203 1916 367 1960; x_wconf 86' lang='lat' dir='ltr'>studere,</span> <span class='ocrx_word' id='word_1_390' title='bbox 399 1918 510 1956; x_wconf 84' lang='lat' dir='ltr'>etiam</span> <span class='ocrx_word' id='word_1_391' title='bbox 531 1918 697 1969; x_wconf 84' lang='lat' dir='ltr'>cogitare</span> <span class='ocrx_word' id='word_1_392' title='bbox 724 1932 762 1957; x_wconf 90' lang='lat' dir='ltr'>et</span> <span class='ocrx_word' id='word_1_393' title='bbox 783 1920 821 1959; x_wconf 86' lang='lat' dir='ltr'>in</span> <span class='ocrx_word' id='word_1_394' title='bbox 844 1922 968 1959; x_wconf 86' lang='lat' dir='ltr'>animo</span> <span class='ocrx_word' id='word_1_395' title='bbox 988 1923 1148 1964; x_wconf 83' lang='lat' dir='ltr'>habere,</span> <span class='ocrx_word' id='word_1_396' title='bbox 1181 1935 1220 1959; x_wconf 90' lang='lat' dir='ltr'>et</span> <span class='ocrx_word' id='word_1_397' title='bbox 1243 1923 1279 1960; x_wconf 89' lang='lat' dir='ltr'>se</span> <span class='ocrx_word' id='word_1_398' title='bbox 1305 1936 1418 1973; x_wconf 87' lang='lat' dir='ltr'>atque</span> <span class='ocrx_word' id='word_1_399' title='bbox 1443 1925 1573 1964; x_wconf 79' lang='lat' dir='ltr'>omnia</span> 
     </span>
     <span class='ocr_line' id='line_1_34' title="bbox 53 1966 1574 2024; baseline 0.007 -23"><span class='ocrx_word' id='word_1_400' title='bbox 53 1979 182 2015; x_wconf 81' lang='lat' dir='ltr'>parare</span> <span class='ocrx_word' id='word_1_401' title='bbox 200 1966 246 2002; x_wconf 84' lang='lat' dir='ltr'>ad</span> <span class='ocrx_word' id='word_1_402' title='bbox 272 1967 439 2015; x_wconf 87' lang='lat' dir='ltr'>aliquid,</span> <span class='ocrx_word' id='word_1_403' title='bbox 467 1981 582 2018; x_wconf 89' lang='lat' dir='ltr'>atque</span> <span class='ocrx_word' id='word_1_404' title='bbox 601 1971 695 2007; x_wconf 86' lang='lat' dir='ltr'>adeo</span> <span class='ocrx_word' id='word_1_405' title='bbox 712 1972 861 2013; x_wconf 86' lang='lat' dir='ltr'>conari,</span> <span class='ocrx_word' id='word_1_406' title='bbox 893 1972 1071 2021; x_wconf 86' lang='lat' dir='ltr'>quoniam</span> <span class='ocrx_word' id='word_1_407' title='bbox 1106 1974 1257 2010; x_wconf 87' lang='lat' dir='ltr'>demum</span> <span class='ocrx_word' id='word_1_408' title='bbox 1278 1971 1312 2020; x_wconf 84' lang='lat'><strong>§.</strong></span> <span class='ocrx_word' id='word_1_409' title='bbox 1338 1986 1394 2018; x_wconf 89' lang='lat'>¹9-</span> <span class='ocrx_word' id='word_1_410' title='bbox 1425 1972 1467 2011; x_wconf 87' lang='lat' dir='ltr'>fit</span> <span class='ocrx_word' id='word_1_411' title='bbox 1497 1974 1574 2024; x_wconf 84' lang='lat' dir='ltr'>ipsa</span> 
     </span>
     <span class='ocr_line' id='line_1_35' title="bbox 53 2015 1575 2073; baseline 0.008 -21"><span class='ocrx_word' id='word_1_412' title='bbox 53 2016 230 2055; x_wconf 70' lang='lat' dir='ltr'>dedufflo</span> <span class='ocrx_word' id='word_1_413' title='bbox 260 2016 305 2052; x_wconf 84' lang='lat' dir='ltr'>ad</span> <span class='ocrx_word' id='word_1_414' title='bbox 331 2015 530 2065; x_wconf 87' lang='lat' dir='ltr'>palatium,</span> <span class='ocrx_word' id='word_1_415' title='bbox 568 2032 648 2056; x_wconf 88' lang='lat' dir='ltr'>non</span> <span class='ocrx_word' id='word_1_416' title='bbox 677 2032 834 2059; x_wconf 86' lang='lat' dir='ltr'>tenente</span> <span class='ocrx_word' id='word_1_417' title='bbox 864 2023 944 2072; x_wconf 82' lang='lat' dir='ltr'><strong>Stp.</strong></span> <span class='ocrx_word' id='word_1_418' title='bbox 965 2022 1040 2060; x_wconf 68' lang='lat' dir='ltr'>Th.</span> <span class='ocrx_word' id='word_1_419' title='bbox 1067 2024 1146 2059; x_wconf 88' lang='lat' dir='ltr'><strong>Lat.</strong></span> <span class='ocrx_word' id='word_1_420' title='bbox 1170 2025 1255 2071; x_wconf 62' lang='lat' dir='ltr'>Eg„</span> <span class='ocrx_word' id='word_1_421' title='bbox 1291 2023 1354 2060; x_wconf 87' lang='lat' dir='ltr'>sed</span> <span class='ocrx_word' id='word_1_422' title='bbox 1387 2023 1425 2061; x_wconf 87' lang='lat' dir='ltr'>in</span> <span class='ocrx_word' id='word_1_423' title='bbox 1452 2041 1513 2072; x_wconf 68' lang='grc' dir='ltr'>πρ,</span> <span class='ocrx_word' id='word_1_424' title='bbox 1538 2035 1575 2073; x_wconf 77' lang='lat'>3.</span> 
     </span>
     <span class='ocr_line' id='line_1_36' title="bbox 53 2067 1574 2122; baseline 0.009 -23"><span class='ocrx_word' id='word_1_425' title='bbox 53 2074 138 2122; x_wconf 68' lang='lat'><strong>298.</strong></span> <span class='ocrx_word' id='word_1_426' title='bbox 158 2068 205 2103; x_wconf 86' lang='lat' dir='ltr'>A.</span> <span class='ocrx_word' id='word_1_427' title='bbox 229 2079 276 2102; x_wconf 89' lang='lat' dir='ltr'><strong>m.</strong></span> <span class='ocrx_word' id='word_1_428' title='bbox 299 2067 408 2114; x_wconf 87' lang='lat' dir='ltr'>plane</span> <span class='ocrx_word' id='word_1_429' title='bbox 428 2080 511 2104; x_wconf 89' lang='lat' dir='ltr'>cum</span> <span class='ocrx_word' id='word_1_430' title='bbox 536 2068 598 2110; x_wconf 80' lang='lat' dir='ltr'>P..</span> <span class='ocrx_word' id='word_1_431' title='bbox 633 2069 694 2105; x_wconf 84' lang='lat' dir='ltr'>sed</span> <span class='ocrx_word' id='word_1_432' title='bbox 714 2083 798 2108; x_wconf 88' lang='lat' dir='ltr'>cum</span> <span class='ocrx_word' id='word_1_433' title='bbox 822 2075 884 2120; x_wconf 84' lang='lat' dir='ltr'><strong>Bg.</strong></span> <span class='ocrx_word' id='word_1_434' title='bbox 906 2085 1052 2120; x_wconf 88' lang='lat' dir='ltr'>tempus</span> <span class='ocrx_word' id='word_1_435' title='bbox 1074 2085 1108 2110; x_wconf 86' lang='grc' dir='ltr'>ν.</span> <span class='ocrx_word' id='word_1_436' title='bbox 1129 2076 1206 2113; x_wconf 65' lang='grc' dir='ltr'>ἐπ..</span> <span class='ocrx_word' id='word_1_437' title='bbox 1240 2073 1337 2109; x_wconf 69' lang='lat' dir='ltr'>reste</span> <span class='ocrx_word' id='word_1_438' title='bbox 1355 2086 1481 2111; x_wconf 87' lang='lat' dir='ltr'>autem</span> <span class='ocrx_word' id='word_1_439' title='bbox 1504 2088 1574 2113; x_wconf 87' lang='lat' dir='ltr'>no-</span> 
     </span>
     <span class='ocr_line' id='line_1_37' title="bbox 52 2116 1574 2172; baseline 0.007 -20"><span class='ocrx_word' id='word_1_440' title='bbox 52 2125 201 2172; x_wconf 60' lang='grc' dir='ltr'>ςιοῃειτι</span> <span class='ocrx_word' id='word_1_441' title='bbox 231 2127 264 2151; x_wconf 91' lang='lat' dir='ltr'>v.</span> <span class='ocrx_word' id='word_1_442' title='bbox 288 2132 345 2163; x_wconf 65' lang='lat' dir='ltr'>ng.</span> <span class='ocrx_word' id='word_1_443' title='bbox 376 2116 582 2154; x_wconf 76' lang='lat' dir='ltr'>universam</span> <span class='ocrx_word' id='word_1_444' title='bbox 611 2119 748 2157; x_wconf 86' lang='lat' dir='ltr'>edente</span> <span class='ocrx_word' id='word_1_445' title='bbox 762 2145 773 2162; x_wconf 93' lang='lat'>‚</span> <span class='ocrx_word' id='word_1_446' title='bbox 811 2133 854 2158; x_wconf 90' lang='lat' dir='ltr'>ut</span> <span class='ocrx_word' id='word_1_447' title='bbox 874 2135 951 2159; x_wconf 87' lang='lat' dir='ltr'>non</span> <span class='ocrx_word' id='word_1_448' title='bbox 972 2123 1015 2160; x_wconf 81' lang='lat' dir='ltr'>fit</span> <span class='ocrx_word' id='word_1_449' title='bbox 1034 2122 1148 2159; x_wconf 87' lang='lat' dir='ltr'>modo</span> <span class='ocrx_word' id='word_1_450' title='bbox 1169 2120 1336 2170; x_wconf 85' lang='lat' dir='ltr'>aliquem</span> <span class='ocrx_word' id='word_1_451' title='bbox 1355 2122 1506 2161; x_wconf 85' lang='lat' dir='ltr'>mittere</span> <span class='ocrx_word' id='word_1_452' title='bbox 1535 2137 1574 2164; x_wconf 89' lang='lat' dir='ltr'>et</span> 
     </span>
     <span class='ocr_line' id='line_1_38' title="bbox 52 2165 1572 2222; baseline 0.009 -23"><span class='ocrx_word' id='word_1_453' title='bbox 52 2176 109 2202; x_wconf 73' lang='lat' dir='ltr'>xre</span> <span class='ocrx_word' id='word_1_454' title='bbox 130 2166 257 2202; x_wconf 80' lang='lat' dir='ltr'>iubere</span> <span class='ocrx_word' id='word_1_455' title='bbox 278 2165 302 2204; x_wconf 91' lang='lat' dir='ltr'><strong>s.</strong></span> <span class='ocrx_word' id='word_1_456' title='bbox 324 2165 439 2222; x_wconf 75' lang='lat' dir='ltr'>(inere</span> <span class='ocrx_word' id='word_1_457' title='bbox 460 2178 546 2203; x_wconf 89' lang='lat' dir='ltr'>ante</span> <span class='ocrx_word' id='word_1_458' title='bbox 558 2166 606 2210; x_wconf 87' lang='lat' dir='ltr'>se,</span> <span class='ocrx_word' id='word_1_459' title='bbox 637 2181 704 2216; x_wconf 78' lang='lat' dir='ltr'>per</span> <span class='ocrx_word' id='word_1_460' title='bbox 718 2171 955 2209; x_wconf 83' lang='lat' dir='ltr'>notationem</span> <span class='ocrx_word' id='word_1_461' title='bbox 974 2184 1013 2210; x_wconf 90' lang='lat' dir='ltr'>et</span> <span class='ocrx_word' id='word_1_462' title='bbox 1034 2185 1158 2220; x_wconf 84' lang='lat' dir='ltr'><strong>praep.</strong></span> <span class='ocrx_word' id='word_1_463' title='bbox 1172 2197 1182 2214; x_wconf 88' lang='lat'><strong><em>‚</em></strong></span> <span class='ocrx_word' id='word_1_464' title='bbox 1208 2171 1269 2209; x_wconf 90' lang='lat' dir='ltr'>sed</span> <span class='ocrx_word' id='word_1_465' title='bbox 1283 2171 1396 2209; x_wconf 84' lang='lat' dir='ltr'>etiarn</span> <span class='ocrx_word' id='word_1_466' title='bbox 1408 2175 1452 2209; x_wconf 91' lang='lat' dir='ltr'>ab</span> <span class='ocrx_word' id='word_1_467' title='bbox 1465 2174 1572 2213; x_wconf 88' lang='lat' dir='ltr'>omni</span> 
     </span>
     <span class='ocr_line' id='line_1_39' title="bbox 52 2214 1571 2271; baseline 0.007 -20"><span class='ocrx_word' id='word_1_468' title='bbox 52 2214 171 2251; x_wconf 79' lang='lat' dir='ltr'>latere</span> <span class='ocrx_word' id='word_1_469' title='bbox 194 2226 386 2271; x_wconf 56' lang='lat' dir='ltr'>comitan,</span> <span class='ocrx_word' id='word_1_470' title='bbox 424 2215 599 2264; x_wconf 87' lang='lat' dir='ltr'><strong>ut§.19.</strong></span> <span class='ocrx_word' id='word_1_471' title='bbox 622 2231 670 2254; x_wconf 87' lang='lat' dir='ltr'><strong>m.</strong></span> <span class='ocrx_word' id='word_1_472' title='bbox 699 2218 835 2257; x_wconf 87' lang='lat' dir='ltr'>diserte</span> <span class='ocrx_word' id='word_1_473' title='bbox 855 2221 1067 2265; x_wconf 82' lang='lat' dir='ltr'>deducunt,</span> <span class='ocrx_word' id='word_1_474' title='bbox 1102 2227 1135 2259; x_wconf 74' lang='grc' dir='ltr'>ἐν</span> <span class='ocrx_word' id='word_1_475' title='bbox 1158 2228 1271 2268; x_wconf 81' lang='grc' dir='ltr'><em>μέσοις</em></span> <span class='ocrx_word' id='word_1_476' title='bbox 1289 2226 1406 2265; x_wconf 74' lang='grc' dir='ltr'><strong><em>αὐτοῖς</em></strong></span> <span class='ocrx_word' id='word_1_477' title='bbox 1427 2220 1571 2269; x_wconf 77' lang='grc' dir='ltr'><strong><em>ἔχοντες</em></strong></span> 
     </span>
     <span class='ocr_line' id='line_1_40' title="bbox 51 2267 1573 2320; baseline 0.008 -20"><span class='ocrx_word' id='word_1_478' title='bbox 51 2269 110 2302; x_wconf 77' lang='grc' dir='ltr'>τὸν</span> <span class='ocrx_word' id='word_1_479' title='bbox 127 2270 297 2319; x_wconf 56' lang='grc' dir='ltr'>βασιλέα,</span> <span class='ocrx_word' id='word_1_480' title='bbox 337 2277 376 2301; x_wconf 87' lang='lat' dir='ltr'>m</span> <span class='ocrx_word' id='word_1_481' title='bbox 396 2277 507 2314; x_wconf 87' lang='lat' dir='ltr'>quam</span> <span class='ocrx_word' id='word_1_482' title='bbox 529 2279 602 2303; x_wconf 84' lang='lat' dir='ltr'>rern</span> <span class='ocrx_word' id='word_1_483' title='bbox 621 2267 734 2304; x_wconf 83' lang='lat' dir='ltr'>liceat</span> <span class='ocrx_word' id='word_1_484' title='bbox 756 2269 930 2308; x_wconf 78' lang='lat' dir='ltr'>assumere</span> <span class='ocrx_word' id='word_1_485' title='bbox 949 2273 1026 2309; x_wconf 91' lang='lat' dir='ltr'>vim</span> <span class='ocrx_word' id='word_1_486' title='bbox 1050 2284 1174 2320; x_wconf 84' lang='lat' dir='ltr'><strong>praep.</strong></span> <span class='ocrx_word' id='word_1_487' title='bbox 1195 2270 1300 2307; x_wconf 81' lang='lat' dir='ltr'>aliam</span> <span class='ocrx_word' id='word_1_488' title='bbox 1324 2284 1392 2319; x_wconf 86' lang='lat' dir='ltr'>pro</span> <span class='ocrx_word' id='word_1_489' title='bbox 1419 2273 1573 2311; x_wconf 84' lang='lat' dir='ltr'>mittere</span> 
     </span>
     <span class='ocr_line' id='line_1_41' title="bbox 52 2313 1569 2369; baseline 0.008 -21"><span class='ocrx_word' id='word_1_490' title='bbox 52 2313 224 2368; x_wconf 66' lang='lat' dir='ltr'>publice3</span> <span class='ocrx_word' id='word_1_491' title='bbox 251 2315 392 2361; x_wconf 85' lang='lat' dir='ltr'>palam,</span> <span class='ocrx_word' id='word_1_492' title='bbox 419 2315 459 2352; x_wconf 88' lang='lat' dir='ltr'>in</span> <span class='ocrx_word' id='word_1_493' title='bbox 479 2317 630 2363; x_wconf 85' lang='lat' dir='ltr'>publico</span> <span class='ocrx_word' id='word_1_494' title='bbox 653 2318 760 2362; x_wconf 84' lang='lat' dir='ltr'>loco,</span> <span class='ocrx_word' id='word_1_495' title='bbox 794 2320 834 2357; x_wconf 89' lang='lat' dir='ltr'>in</span> <span class='ocrx_word' id='word_1_496' title='bbox 857 2322 1071 2369; x_wconf 87' lang='lat' dir='ltr'>publicum,</span> <span class='ocrx_word' id='word_1_497' title='bbox 1100 2321 1161 2357; x_wconf 91' lang='lat' dir='ltr'>vel</span> <span class='ocrx_word' id='word_1_498' title='bbox 1182 2334 1203 2358; x_wconf 92' lang='lat' dir='ltr'>e</span> <span class='ocrx_word' id='word_1_499' title='bbox 1222 2321 1310 2357; x_wconf 91' lang='lat' dir='ltr'>loco</span> <span class='ocrx_word' id='word_1_500' title='bbox 1330 2321 1480 2369; x_wconf 79' lang='lat' dir='ltr'>aliquo.</span> <span class='ocrx_word' id='word_1_501' title='bbox 1519 2323 1569 2360; x_wconf 85' lang='lat' dir='ltr'>cf.</span> 
     </span>
     <span class='ocr_line' id='line_1_42' title="bbox 49 2361 1570 2421; baseline 0.007 -24"><span class='ocrx_word' id='word_1_502' title='bbox 49 2362 94 2400; x_wconf 90' lang='lat' dir='ltr'>Z.</span> <span class='ocrx_word' id='word_1_503' title='bbox 110 2361 160 2418; x_wconf 61' lang='lat' dir='ltr'>ad</span> <span class='ocrx_word' id='word_1_504' title='bbox 179 2363 263 2419; x_wconf 78' lang='lat' dir='ltr'><strong>Vig.</strong></span> <span class='ocrx_word' id='word_1_505' title='bbox 282 2376 319 2412; x_wconf 89' lang='lat' dir='ltr'>p.</span> <span class='ocrx_word' id='word_1_506' title='bbox 333 2369 416 2412; x_wconf 88' lang='lat'><strong>639.</strong></span> <span class='ocrx_word' id='word_1_507' title='bbox 441 2377 474 2421; x_wconf 59' lang='lat' dir='ltr'>a.</span> <span class='ocrx_word' id='word_1_508' title='bbox 490 2369 526 2411; x_wconf 87' lang='lat'>1)</span> <span class='ocrx_word' id='word_1_509' title='bbox 547 2377 586 2402; x_wconf 86' lang='lat' dir='ltr'>et</span> <span class='ocrx_word' id='word_1_510' title='bbox 597 2369 627 2404; x_wconf 91' lang='lat' dir='ltr'>b.</span> <span class='ocrx_word' id='word_1_511' title='bbox 644 2372 682 2414; x_wconf 85' lang='lat'>4)</span> <span class='ocrx_word' id='word_1_512' title='bbox 696 2392 706 2410; x_wconf 90' lang='lat'><strong>,</strong></span> <span class='ocrx_word' id='word_1_513' title='bbox 734 2381 945 2420; x_wconf 85' lang='lat' dir='ltr'>quanquam</span> <span class='ocrx_word' id='word_1_514' title='bbox 965 2371 1050 2409; x_wconf 78' lang='lat' dir='ltr'>istae</span> <span class='ocrx_word' id='word_1_515' title='bbox 1071 2371 1248 2406; x_wconf 83' lang='lat' dir='ltr'>notiones</span> <span class='ocrx_word' id='word_1_516' title='bbox 1268 2371 1504 2409; x_wconf 74' lang='lat' dir='ltr'>secundariae</span> <span class='ocrx_word' id='word_1_517' title='bbox 1529 2372 1570 2412; x_wconf 79' lang='lat' dir='ltr'>in</span> 
     </span>
     <span class='ocr_line' id='line_1_43' title="bbox 50 2410 1569 2468; baseline 0.008 -21"><span class='ocrx_word' id='word_1_518' title='bbox 50 2423 90 2448; x_wconf 83' lang='lat' dir='ltr'>re</span> <span class='ocrx_word' id='word_1_519' title='bbox 108 2410 180 2458; x_wconf 79' lang='lat' dir='ltr'>ipsa</span> <span class='ocrx_word' id='word_1_520' title='bbox 201 2413 378 2450; x_wconf 71' lang='lat' dir='ltr'>videntur</span> <span class='ocrx_word' id='word_1_521' title='bbox 394 2425 521 2463; x_wconf 79' lang='lat' dir='ltr'>potius</span> <span class='ocrx_word' id='word_1_522' title='bbox 538 2414 626 2460; x_wconf 80' lang='lat' dir='ltr'>effe,</span> <span class='ocrx_word' id='word_1_523' title='bbox 651 2430 763 2466; x_wconf 86' lang='lat' dir='ltr'>quam</span> <span class='ocrx_word' id='word_1_524' title='bbox 781 2419 822 2457; x_wconf 85' lang='lat' dir='ltr'>in</span> <span class='ocrx_word' id='word_1_525' title='bbox 841 2434 897 2465; x_wconf 90' lang='lat' dir='ltr'>v.,</span> <span class='ocrx_word' id='word_1_526' title='bbox 927 2433 1012 2458; x_wconf 86' lang='lat' dir='ltr'>cum</span> <span class='ocrx_word' id='word_1_527' title='bbox 1031 2432 1070 2459; x_wconf 91' lang='lat' dir='ltr'>et</span> <span class='ocrx_word' id='word_1_528' title='bbox 1088 2418 1208 2468; x_wconf 77' lang='lat' dir='ltr'><strong>ssmpl.</strong></span> <span class='ocrx_word' id='word_1_529' title='bbox 1226 2435 1334 2465; x_wconf 77' lang='grc' dir='ltr'><strong>πεμπ.</strong></span> <span class='ocrx_word' id='word_1_530' title='bbox 1355 2422 1490 2458; x_wconf 82' lang='lat' dir='ltr'>eodem</span> <span class='ocrx_word' id='word_1_531' title='bbox 1511 2422 1569 2459; x_wconf 86' lang='lat' dir='ltr'>di-</span> 
     </span>
     <span class='ocr_line' id='line_1_44' title="bbox 50 2460 625 2512; baseline 0.012 -16"><span class='ocrx_word' id='word_1_532' title='bbox 50 2471 154 2497; x_wconf 83' lang='lat' dir='ltr'>catur</span> <span class='ocrx_word' id='word_1_533' title='bbox 176 2460 302 2505; x_wconf 88' lang='lat' dir='ltr'>sensu,</span> <span class='ocrx_word' id='word_1_534' title='bbox 331 2462 380 2500; x_wconf 87' lang='lat' dir='ltr'>cf.</span> <span class='ocrx_word' id='word_1_535' title='bbox 402 2477 435 2507; x_wconf 88' lang='lat'>2,</span> <span class='ocrx_word' id='word_1_536' title='bbox 457 2475 491 2512; x_wconf 89' lang='lat'>3,</span> <span class='ocrx_word' id='word_1_537' title='bbox 514 2477 571 2510; x_wconf 85' lang='lat'><strong>25.</strong></span> <span class='ocrx_word' id='word_1_538' title='bbox 592 2480 625 2503; x_wconf 91' lang='lat' dir='ltr'><strong>e.</strong></span> 
     </span>
     <span class='ocr_line' id='line_1_45' title="bbox 52 2512 1568 2568; baseline 0.008 -20"><span class='ocrx_word' id='word_1_539' title='bbox 52 2557 64 2566; x_wconf 46' lang='lat'><em>⁰</em></span> <span class='ocrx_word' id='word_1_540' title='bbox 97 2512 225 2556; x_wconf 63' lang='grc' dir='ltr'>θύτας)</span> <span class='ocrx_word' id='word_1_541' title='bbox 251 2512 323 2549; x_wconf 83' lang='lat' dir='ltr'>Ms.</span> <span class='ocrx_word' id='word_1_542' title='bbox 345 2512 457 2550; x_wconf 63' lang='lat' dir='ltr'>lec&#39;tio</span> <span class='ocrx_word' id='word_1_543' title='bbox 476 2514 560 2550; x_wconf 88' lang='lat' dir='ltr'>sane</span> <span class='ocrx_word' id='word_1_544' title='bbox 578 2515 709 2554; x_wconf 80' lang='lat' dir='ltr'>vitiosa</span> <span class='ocrx_word' id='word_1_545' title='bbox 732 2516 803 2559; x_wconf 89' lang='lat' dir='ltr'>est,</span> <span class='ocrx_word' id='word_1_546' title='bbox 845 2518 906 2555; x_wconf 84' lang='lat' dir='ltr'>sed</span> <span class='ocrx_word' id='word_1_547' title='bbox 931 2519 1020 2555; x_wconf 89' lang='lat' dir='ltr'>hinc</span> <span class='ocrx_word' id='word_1_548' title='bbox 1041 2519 1143 2556; x_wconf 85' lang='lat' dir='ltr'>forte</span> <span class='ocrx_word' id='word_1_549' title='bbox 1164 2529 1267 2559; x_wconf 85' lang='lat' dir='ltr'>orta,</span> <span class='ocrx_word' id='word_1_550' title='bbox 1303 2519 1405 2566; x_wconf 87' lang='lat' dir='ltr'>quod</span> <span class='ocrx_word' id='word_1_551' title='bbox 1431 2519 1568 2568; x_wconf 76' lang='lat' dir='ltr'>aliquis</span> 
     </span>
     <span class='ocr_line' id='line_1_46' title="bbox 48 2566 1567 2617; baseline 0.007 -20"><span class='ocrx_word' id='word_1_552' title='bbox 48 2571 93 2596; x_wconf 76' lang='lat' dir='ltr'>ln</span> <span class='ocrx_word' id='word_1_553' title='bbox 115 2571 224 2615; x_wconf 82' lang='lat' dir='ltr'><strong>marg.</strong></span> <span class='ocrx_word' id='word_1_554' title='bbox 247 2573 405 2608; x_wconf 85' lang='lat' dir='ltr'>poneret</span> <span class='ocrx_word' id='word_1_555' title='bbox 422 2575 497 2600; x_wconf 85' lang='lat' dir='ltr'><strong>acc.</strong></span> <span class='ocrx_word' id='word_1_556' title='bbox 520 2566 664 2608; x_wconf 70' lang='grc' dir='ltr'><strong><em>θυσίας,</em></strong></span> <span class='ocrx_word' id='word_1_557' title='bbox 690 2566 890 2605; x_wconf 84' lang='lat' dir='ltr'>formulam</span> <span class='ocrx_word' id='word_1_558' title='bbox 909 2567 1199 2617; x_wconf 68' lang='lat' dir='ltr'>significaturus,</span> <span class='ocrx_word' id='word_1_559' title='bbox 1226 2567 1287 2604; x_wconf 90' lang='lat' dir='ltr'>sed</span> <span class='ocrx_word' id='word_1_560' title='bbox 1300 2568 1392 2603; x_wconf 86' lang='lat' dir='ltr'>alius</span> <span class='ocrx_word' id='word_1_561' title='bbox 1409 2568 1567 2612; x_wconf 81' lang='lat' dir='ltr'>stultior.</span> 
     </span>
     <span class='ocr_line' id='line_1_47' title="bbox 50 2608 1568 2666; baseline 0.009 -23"><span class='ocrx_word' id='word_1_562' title='bbox 50 2608 318 2666; x_wconf 68' lang='lat' dir='ltr'>coi-restionem</span> <span class='ocrx_word' id='word_1_563' title='bbox 339 2611 438 2648; x_wconf 87' lang='lat' dir='ltr'>illam</span> <span class='ocrx_word' id='word_1_564' title='bbox 458 2613 635 2658; x_wconf 83' lang='lat' dir='ltr'>credens,</span> <span class='ocrx_word' id='word_1_565' title='bbox 668 2616 705 2652; x_wconf 84' lang='lat' dir='ltr'>in</span> <span class='ocrx_word' id='word_1_566' title='bbox 725 2627 870 2653; x_wconf 86' lang='lat' dir='ltr'>textum</span> <span class='ocrx_word' id='word_1_567' title='bbox 901 2617 1103 2664; x_wconf 54' lang='lat' dir='ltr'>reciperem</span> <span class='ocrx_word' id='word_1_568' title='bbox 1138 2628 1347 2664; x_wconf 86' lang='lat' dir='ltr'>quanquam</span> <span class='ocrx_word' id='word_1_569' title='bbox 1370 2629 1409 2654; x_wconf 89' lang='lat' dir='ltr'>et</span> <span class='ocrx_word' id='word_1_570' title='bbox 1429 2618 1568 2657; x_wconf 76' lang='lat' dir='ltr'>scribae</span> 
     </span>
     <span class='ocr_line' id='line_1_48' title="bbox 49 2660 1565 2716; baseline 0.006 -23"><span class='ocrx_word' id='word_1_571' title='bbox 49 2668 192 2713; x_wconf 64' lang='lat' dir='ltr'>ruet-um</span> <span class='ocrx_word' id='word_1_572' title='bbox 213 2660 499 2716; x_wconf 37' lang='lat' dir='ltr'>vitium-fuerit,</span> <span class='ocrx_word' id='word_1_573' title='bbox 533 2675 617 2700; x_wconf 86' lang='lat' dir='ltr'>curn</span> <span class='ocrx_word' id='word_1_574' title='bbox 639 2665 784 2703; x_wconf 85' lang='lat' dir='ltr'>animus</span> <span class='ocrx_word' id='word_1_575' title='bbox 809 2667 990 2716; x_wconf 83' lang='lat' dir='ltr'>cogitaret</span> <span class='ocrx_word' id='word_1_576' title='bbox 1015 2668 1084 2701; x_wconf 86' lang='lat' dir='ltr'>iam</span> <span class='ocrx_word' id='word_1_577' title='bbox 1107 2667 1212 2702; x_wconf 87' lang='lat' dir='ltr'>illum</span> <span class='ocrx_word' id='word_1_578' title='bbox 1236 2678 1332 2707; x_wconf 60' lang='lat' dir='ltr'>acc„</span> <span class='ocrx_word' id='word_1_579' title='bbox 1364 2679 1484 2715; x_wconf 86' lang='lat' dir='ltr'>eoque</span> <span class='ocrx_word' id='word_1_580' title='bbox 1511 2670 1565 2707; x_wconf 82' lang='lat' dir='ltr'>in-</span> 
     </span>
     <span class='ocr_line' id='line_1_49' title="bbox 49 2709 1564 2763; baseline 0.009 -22"><span class='ocrx_word' id='word_1_581' title='bbox 49 2716 130 2742; x_wconf 76' lang='lat' dir='ltr'>vito</span> <span class='ocrx_word' id='word_1_582' title='bbox 149 2719 277 2744; x_wconf 81' lang='lat' dir='ltr'>manus</span> <span class='ocrx_word' id='word_1_583' title='bbox 297 2709 497 2751; x_wconf 75' lang='lat' dir='ltr'>scriberet,</span> <span class='ocrx_word' id='word_1_584' title='bbox 532 2710 569 2748; x_wconf 86' lang='lat' dir='ltr'>in</span> <span class='ocrx_word' id='word_1_585' title='bbox 591 2715 703 2750; x_wconf 77' lang='lat' dir='ltr'>altera</span> <span class='ocrx_word' id='word_1_586' title='bbox 724 2729 763 2752; x_wconf 91' lang='lat' dir='ltr'>re</span> <span class='ocrx_word' id='word_1_587' title='bbox 781 2728 822 2752; x_wconf 86' lang='lat' dir='ltr'>et</span> <span class='ocrx_word' id='word_1_588' title='bbox 840 2717 940 2752; x_wconf 85' lang='lat' dir='ltr'><strong>artic.</strong></span> <span class='ocrx_word' id='word_1_589' title='bbox 959 2716 1086 2752; x_wconf 80' lang='lat' dir='ltr'>omisso</span> <span class='ocrx_word' id='word_1_590' title='bbox 1106 2729 1123 2750; x_wconf 95' lang='lat' dir='ltr'>a</span> <span class='ocrx_word' id='word_1_591' title='bbox 1145 2717 1234 2752; x_wconf 85' lang='lat' dir='ltr'><strong>Mss.</strong></span> <span class='ocrx_word' id='word_1_592' title='bbox 1257 2715 1333 2751; x_wconf 85' lang='lat' dir='ltr'>vim</span> <span class='ocrx_word' id='word_1_593' title='bbox 1359 2717 1487 2763; x_wconf 85' lang='lat' dir='ltr'>potius</span> <span class='ocrx_word' id='word_1_594' title='bbox 1508 2718 1564 2755; x_wconf 88' lang='lat' dir='ltr'>in-</span> 
     </span>
     <span class='ocr_line' id='line_1_50' title="bbox 46 2753 1561 2814; baseline 0.01 -24"><span class='ocrx_word' id='word_1_595' title='bbox 46 2753 193 2793; x_wconf 79' lang='lat' dir='ltr'>ferente</span> <span class='ocrx_word' id='word_1_596' title='bbox 211 2756 361 2794; x_wconf 82' lang='lat' dir='ltr'>librario</span> <span class='ocrx_word' id='word_1_597' title='bbox 379 2758 539 2800; x_wconf 69' lang='lat' dir='ltr'>iterum,</span> <span class='ocrx_word' id='word_1_598' title='bbox 568 2762 616 2799; x_wconf 81' lang='lat' dir='ltr'><strong>cf.</strong></span> <span class='ocrx_word' id='word_1_599' title='bbox 637 2777 669 2806; x_wconf 82' lang='lat'>2,</span> <span class='ocrx_word' id='word_1_600' title='bbox 685 2777 841 2812; x_wconf 76' lang='lat' dir='ltr'><strong>2‚4.rn.,</strong></span> <span class='ocrx_word' id='word_1_601' title='bbox 867 2777 976 2813; x_wconf 89' lang='lat' dir='ltr'>quam</span> <span class='ocrx_word' id='word_1_602' title='bbox 996 2765 1107 2814; x_wconf 82' lang='lat' dir='ltr'><strong>lapso.</strong></span> <span class='ocrx_word' id='word_1_603' title='bbox 1160 2765 1234 2802; x_wconf 87' lang='lat' dir='ltr'>Sed</span> <span class='ocrx_word' id='word_1_604' title='bbox 1257 2764 1295 2801; x_wconf 86' lang='lat' dir='ltr'>in</span> <span class='ocrx_word' id='word_1_605' title='bbox 1316 2764 1477 2804; x_wconf 79' lang='lat' dir='ltr'>formula</span> <span class='ocrx_word' id='word_1_606' title='bbox 1498 2768 1561 2805; x_wconf 82' lang='lat' dir='ltr'>illa</span> 
     </span>
    </p>
   </div>
  </div>
 </body>
</html>
