1722 3086
120 156 251 203 1060
320 150 498 198 LIBER
515 149 590 199 IV.
616 150 744 197 CAP.
763 151 859 197 XV.
890 153 945 198 A.
962 152 1018 199 V.
1041 151 1090 199 C.
1113 165 1228 214 970.
1259 151 1607 214 CHR.N.217.

121 271 226 331 τούς
292 268 522 342 πεξιόντας
580 263 835 321 ἀποδοῦναι
866 269 892 332 ⁵,
916 271 1154 343 perqffent,
1187 273 1484 342 redditurum,
1531 283 1573 327 et
1606 292 1674 328 res

120 347 347 423 χξῆμοιτοὶ
367 370 437 410 τε,
479 347 571 398 ὅσοι
594 345 798 419 ἡξπείγη,
833 349 889 398 αἶ-
927 369 1070 422 omnes
1093 361 1246 422 raptas
1262 350 1528 425 soluturum.
1566 355 1674 404 ami‘-

124 429 366 490 πυτία-σιώ,
382 427 506 493 φίλῳ
527 425 576 476 τὲ
596 425 696 476 ἀντὶ
722 425 897 497 ἐχθςοῦ
935 446 1027 479 cum
1048 426 1103 501 se
1131 447 1186 481 ex
1208 431 1380 480 inimico
1402 430 1520 481 illum
1541 427 1676 483 habi·-

122 505 352 580 χςῆσθαι,
389 505 468 556 καὶ
494 499 567 561 τὴν
587 501 741 575 εἰςῆνην
763 502 897 574 {ignoce
930 514 1098 574 turum,
1126 526 1284 577 pacem
1318 525 1401 579 que
1431 510 1675 560 iureiuram

171 699 179 731 1
214 652 256 731 ἱ)5
275 650 390 728 (301οῗ
414 650 449 684 in
478 649 543 684 Ms.
562 650 617 684 Βι.
710 647 746 689 k)
771 649 848 682 Hoc
877 659 1010 682 comma
1035 648 1070 683 in
1092 652 1135 684 A.
1161 659 1196 683 et
1219 651 1290 684 Bss.
1309 661 1374 694 pro
1400 651 1527 694 punem
1555 651 1619 685 Lu.
1636 657 1675 688 et

124 710 166 733 co
184 709 206 732 0
261 708 310 740 tp.
337 707 372 728 re
390 723 400 733 .

125 821 321 863 iunfffim,
355 831 400 857 ut
427 833 486 868 ap.
509 821 626 857 Hom.
646 818 706 858 Ὧι.
736 815 785 864 γ’.
817 821 923 861 286.,
951 830 990 857 et
1015 831 1082 869 per
1111 817 1191 868 syn.
1222 819 1404 870 aliquod.
1442 817 1491 859 ef.
1520 820 1611 858 Hes.
1638 833 1673 864 ι.
1707 865 1710 867 ‚

125 886 210 921 49¹·
238 886 268 908 e.
296 876 485 914 ἀποτῖσαι,
514 872 718 913 ἀποδοῦναι,
746 874 849 918 (cum
866 870 970 908 Suid.
997 882 1029 913 r,
1047 879 1132 915 298.
1156 871 1223 916 m.)
1251 871 1313 909 sed
1346 870 1472 909 nostro
1499 881 1673 916 accentu.

125 938 192 973 per
211 934 342 960 ornnes
362 924 446 960 edd.
468 922 606 964 obvio,
634 920 748 958 etiam
770 933 834 969 per
852 921 944 958 Mss.
966 920 1084 963 clam,
1111 933 1168 969 ap.
1189 922 1284 959 Xen.
1305 923 1398 959 Oec.
1422 934 1482 964 ιι,
1502 933 1563 967 25.
1582 934 1674 960 cum

125 976 179 1012 M.
205 976 241 1010 S.
271 983 310 1009 et
333 973 414 1010 Aer.
435 973 483 1008 V.
505 973 564 1014 h..
596 970 683 1009 sane
706 971 755 1008 de
781 970 940 1019 pecunia
967 971 1187 1020 proprium,
1211 971 1262 1008 cf.
1291 985 1376 1010 cum
1404 971 1534 1010 nostro
1560 971 1672 1010 subst.

124 1042 186 1074 χρ.
209 1026 306 1062 Xen.
328 1026 439 1072 Ages.
461 1023 518 1060 Rs.
539 1024 607 1061 Or.
627 1023 671 1058 V.
693 1027 728 1059 6.
749 1035 783 1066 7.
805 1021 846 1059 Is.
871 1020 933 1060 sed
953 1021 1029 1058 sine
1051 1022 1131 1058 lnd.
1158 1034 1216 1070 ap.
1231 1024 1344 1059 Dem.
1371 1034 1481 1069 ¹29¹·
1499 1027 1534 1060 6.
1563 1033 1672 1070 1294.

126 1089 160 1121 9.
185 1076 272 1112 con.
297 1075 318 1111 1.
347 1086 398 1119 ¹4·
423 1077 554 1112 ἂποδιδ.
580 1089 690 1120 xenia.
722 1076 829 1117 1296,
854 1081 907 1114 ιε.
930 1083 969 1109 et
989 1084 1075 1110 curn
1103 1084 1178 1109 acc.
1208 1072 1287 1122 syn.
1310 1074 1338 1112 s·
1363 1073 1478 1122 pretii
1508 1072 1673 1112 alicuius

125 1127 188 1164 Rs.
209 1127 277 1162 Or.
303 1125 350 1159 V.
374 1139 406 1166 4,
426 1135 464 1161 et
486 1136 517 1169 7.
541 1125 633 1161 Ant.
651 1123 694 1160 it.
714 1122 822 1160 Arist.
845 1123 943 1160 Plut.
964 1135 999 1158 v.
1025 1127 1132 1160 1060.
1151 1123 1215 1160 ubi
1239 1123 1367 1161 Schol.
1389 1124 1534 1162 D'Orv.
1553 1129 1677 1169 „1126-

125 1178 244 1222 τισσν)
267 1173 423 1217 ‘'alan“
444 1175 486 1211 it.
512 1179 674 1221 ἀργύριον
697 1173 787 1211 Pois.
801 1173 896 1211 Call.
918 1185 954 1221 p.
970 1178 1054 1215 681.
1077 1185 1108 1209 e.
1126 1173 1188 1211 sed
1208 1174 1356 1222 tropice
1374 1186 1461 1212 cum
1483 1186 1558 1212 acc.
1575 1173 1672 1212 alius

128 1229 299 1279 generis,
327 1229 524 1273 εὐεργεσίας
547 1227 662 1262 Hom.
689 1225 759 1263 Ὀδ.
791 1222 841 1269 χ’,
867 1235 952 1271 235.
975 1223 1018 1260 it.
1044 1228 1145 1271 χάριν
1165 1224 1249 1262 Ael.
1272 1225 1319 1261 V.
1340 1225 1378 1261 h.
1399 1224 1531 1263 Aesch.
1550 1237 1610 1273 ep.
1630 1225 1671 1262 S.

127 1291 166 1318 et
189 1277 283 1314 Caii.
309 1276 350 1315 it.
377 1278 602 1318 ἀτασθαλίας
627 1276 744 1312 Ηοςά.
760 1298 772 1315 ,
799 1286 839 1312 et
860 1281 920 1318 τὴν
941 1277 1060 1321 ἀξίαν,
1087 1276 1133 1312 sc.
1158 1278 1271 1319 δίκην,
1300 1287 1358 1324 ap.
1378 1276 1494 1319 Luc..
1521 1286 1567 1313 ut
1586 1274 1673 1324 ple·-

125 1343 176 1368 ne
193 1328 244 1366 est
265 1341 322 1375 ap.
345 1325 438 1362 Poss‘.
461 1326 551 1363 Call.
583 1339 618 1374 p.
639 1336 726 1373 437.
749 1338 799 1361 m.
818 1326 884 1362 ubi
907 1336 946 1361 et
971 1337 1056 1361 cum
1088 1325 1190 1363 affini
1220 1325 1328 1363 subst.
1355 1331 1446 1364 τίσιν
1468 1338 1505 1374 p.
1527 1329 1613 1367 681.
1635 1337 1672 1362 e.

124 1379 190 1425 (cf.
215 1380 262 1416 de
284 1377 380 1415 med.
402 1378 492 1414 Hes.
513 1376 536 1411 Ι.
562 1377 586 1415 1.
608 1377 676 1413 Nr.
704 1388 733 1412 1.
763 1387 819 1411 ιι.
840 1375 919 1411 lnd.
941 1376 1249 1424 Hom.Theogn.
1269 1377 1380 1414 Dem.
1399 1378 1499 1414 Xen.
1520 1377 1609 1426 Cyr.
1629 1384 1673 1414 et
1694 1394 1708 1410 ο

124 1431 238 1477 Ἀνβ.)
258 1429 362 1465 unde
381 1443 484 1475 χρημ.
508 1438 595 1463 cum
616 1426 703 1463 Sch.
724 1425 980 1472 accipientes,
1008 1425 1232 1468 statuemus,
1259 1427 1438 1465 Nostrum
1463 1426 1529 1464 hic
1548 1437 1671 1465 unum

125 1480 288 1520 maxime
310 1477 462 1525 rapinae
487 1487 607 1526 genus
627 1476 743 1513 modo
767 1474 955 1522 repetiisse
975 1487 996 1511 e
1017 1474 1274 1523 superioribus
1294 1477 1413 1520 locis.
1438 1476 1490 1514 cf.
1509 1490 1546 1524 4,
1559 1489 1596 1519 2.
1610 1487 1672 1516 ει.

125 1531 171 1570 ad
195 1534 279 1574 &vu-
302 1541 340 1566 et
360 1527 398 1564 in
421 1543 480 1574 χρ.
507 1539 596 1564 cum
619 1540 655 1564 v.
675 1540 728 1576 pr.
748 1524 1022 1576 aiemTheogn.
1041 1538 1076 1562 v.
1095 1531 1182 1572 677.
1197 1526 1252 1565 Η.
1272 1526 1351 1564 Pal.
1367 1530 1404 1570 6.
1425 1541 1462 1575 4.
1481 1528 1670 1568 cumAbr.

124 1582 189 1620 Di.
212 1582 287 1618 Th.
311 1592 344 1627 p·
368 1587 453 1625 837.
474 1590 522 1614 m.

122 1644 1672 1748 ..esaeiae:f.s‡;‘'²5„¹”.0.‘³.0§35325533332{321‘5-32‘1,5.“:‚¹.²21.{,‘:.‡.³⁹.:.::,⁶⁷{·

351 1730 359 1737 υ
477 1722 488 1736 d
536 1726 547 1741 Q
1600 1725 1614 1743 .
1656 1723 1671 1742 .

129 1767 186 1793 ιι.
216 1757 346 1799 ἐχθρὸς
369 1756 443 1789 ἀπ)
470 1755 595 1797 φίλου.
624 1751 670 1786 cf.
695 1749 742 1785 de
773 1763 832 1794 χρ.
853 1760 939 1785 cum
966 1752 1042 1785 ἀντὶ
1068 1759 1098 1790 1,
1124 1759 1179 1790 ιι,
1204 1758 1261 1784 10.
1291 1747 1354 1785 sed
1372 1748 1420 1786 de
1438 1765 1502 1798 χρ.
1524 1761 1610 1788 cum
1627 1757 1672 1796 φ.

123 1805 206 1845 lnd.
230 1805 287 1841 Rs.
311 1807 377 1838 Or.
404 1803 450 1836 V.
473 1806 506 1837 6.
531 1812 566 1845 7.
589 1804 680 1837 Ant.
706 1812 790 1835 cum
814 1797 942 1835 Valck.
972 1798 1055 1834 Eur.
1082 1797 1200 1845 Hipp.
1228 1810 1263 1846 p.
1287 1810 1369 1843 270.
1396 1811 1428 1837 1.
1457 1812 1492 1838 e.
1523 1798 1578 1849 sq.
1599 1797 1670 1838 ubi

125 1859 190 1906 Bg.
213 1850 487 1903 perspicuitatis
509 1862 598 1900 ergo
619 1849 754 1887 deserit
773 1848 933 1886 eandem
947 1846 1093 1897 phrafln
1111 1850 1214 1889 Lat..
1243 1860 1499 1898 comparatam
1510 1861 1669 1900 quoque

124 1920 144 1944 a
172 1908 252 1954 Stp.
273 1904 348 1941 Th.
370 1917 404 1947 4,
431 1910 513 1945 588.
535 1903 599 1944 C..
627 1913 700 1938 ncc
723 1912 789 1948 per
813 1901 875 1949 ssg.
897 1898 1120 1947 explicatam
1148 1897 1188 1934 in
1213 1898 1261 1935 G.
1285 1898 1359 1935 Th.
1383 1910 1490 1948 ¹¹23·
1513 1910 1570 1947 13.
1601 1896 1669 1938 sed

121 1970 141 1995 a
164 1957 271 1994 Cort.
298 1954 341 1991 ud
371 1953 458 1990 San.
483 1953 563 1989 Cat.
587 1954 645 1993 26,
670 1963 699 1987 ι.
731 1961 769 1987 et
793 1951 870 1999 lug.
896 1959 953 1996 3¹,
979 1958 1038 1994 23.
1067 1948 1236 1986 hostibus
1268 1958 1336 1997 pro
1361 1948 1473 1988 sociis
1492 1961 1667 1993 utuntur.

121 2019 219 2058 quae
247 2017 367 2054 praep.
395 2003 545 2040 valebat
564 2013 604 2038 et
624 2000 706 2044 hic,
729 2012 772 2038 ut
795 2002 884 2050 Bg..
912 1998 1072 2037 confista
1091 2011 1157 2048 per
1184 1999 1352 2050 analog„
1381 2000 1591 2049 pertinebit
1616 1999 1666 2038 ad

122 2055 318 2098 transitum
340 2068 361 2091 e
380 2052 609 2090 conditione
631 2051 670 2089 in
690 2051 801 2088 aliam
821 2063 875 2100 ap.
900 2051 948 2087 G.
963 2050 1039 2086 Th.
1058 2061 1144 2097 440,
1165 2057 1225 2094 ες.
1250 2059 1340 2097 443,
1354 2063 1392 2099 9.
1416 2061 1472 2100 ¹3·
1493 2055 1553 2099 46,
1576 2055 1667 2100 446,

123 2119 183 2153 89·
207 2106 347 2157 quibus
366 2104 450 2141 add.
473 2102 558 2141 San.
578 2105 655 2154 lug.
683 2113 739 2145 ro,
764 2116 798 2138 2.
820 2112 858 2138 et
876 2100 998 2138 Wsth.
1017 2100 1107 2137 Ter.
1127 2099 1247 2137 Andr.
1274 2112 1307 2142 1,
1323 2111 1424 2144 r,10.
1445 2113 1530 2140 cum
1544 2102 1665 2141 Com.

121 2160 172 2199 N.
194 2171 228 2200 2,
248 2172 285 2203 9.
305 2171 342 2203 4.
364 2167 445 2192 non
474 2153 601 2190 minus
629 2166 683 2190 me
709 2154 851 2189 bonum
869 2152 1022 2188 amicum
1039 2150 1214 2192 habebis,
1241 2163 1348 2200 quam
1367 2150 1510 2189 fortem
1536 2151 1666 2190 inimi-

120 2223 198 2248 cum
228 2208 294 2245 ille
321 2215 493 2257 expertus
516 2203 587 2254 est,
620 2203 660 2240 it.
685 2203 765 2251 syn.
786 2215 846 2250 ap.
869 2203 956 2240 Abr.
985 2203 1052 2237 Di.
1070 2201 1145 2237 Th.
1172 2203 1218 2238 Α.
1246 2214 1283 2250 p.
1301 2213 1388 2247 292.
1413 2209 1560 2247 πόλεμον
1586 2201 1665 2242 ἀπ’

120 2256 250 2309 εἰρήνης
280 2253 391 2303 ἔχειν,
412 2267 445 2293 λ.
498 2253 572 2292 sed
601 2254 641 2290 in
665 2253 717 2302 sq.
749 2252 913 2290 formula
944 2258 1019 2298 βιβ.
1039 2264 1071 2289 Α.
1093 2251 1233 2288 iterum
1261 2251 1312 2288 est
1335 2254 1454 2290 modo
1474 2253 1664 2304 analogia,

119 2311 170 2348 cf.
192 2310 239 2346 G.
253 2309 330 2346 Th.
352 2313 439 2350 675,
454 2318 514 2342 22.
536 2304 593 2341 his
614 2305 718 2340 rebus
740 2316 831 2352 pace
843 2304 1022 2352 firmata,
1052 2301 1094 2338 it.
1121 2311 1228 2347 1138,
1249 2315 1308 2348 24.
1334 2314 1403 2352 pax
1421 2302 1664 2353 -eonfirmb-

121 2372 162 2398 ta
181 2357 253 2409 est,
280 2369 318 2395 et
347 2369 405 2405 ap.
427 2356 518 2394 Abr.
538 2356 580 2393 L.
599 2355 664 2392 Ar.
696 2367 732 2402 p.
758 2364 840 2401 273.
863 2367 913 2390 m.
933 2352 1011 2399 sqq.
1035 2349 1146 2399 ὅρκοις
1167 2355 1332 2398 ἐμπεδοῦν
1356 2351 1420 2398 τὴν
1445 2357 1663 2400 ἐπαγγελίαι

115 2412 158 2449 it.
178 2412 290 2457 ὅμως
316 2412 452 2448 ἐνδῆσαι
479 2410 545 2447 τὰς
564 2410 747 2450 ὁμολογίας
772 2415 812 2441 ct
838 2404 1002 2450 ἐμπεδοῦν
1020 2402 1082 2444 τήν
1109 2400 1259 2451 εἰρήνην.
1285 2403 1348 2441 sed
1369 2416 1404 2440 ν.
1427 2409 1508 2451 βεβ.
1530 2404 1571 2441 in
1589 2403 1658 2441 afl-

117 2461 287 2499 absolute
306 2471 366 2507 ap.
389 2456 505 2502 Hesy.
525 2466 565 2492 et
579 2455 676 2492 Bud.
696 2456 738 2491 C.
765 2466 872 2500 1044,
894 2466 977 2498 27.,
1003 2452 1064 2491 sed
1085 2452 1132 2489 de
1149 2467 1189 2490 re
1210 2464 1294 2490 cum
1314 2465 1392 2491 ace.
1414 2455 1468 2491 rei
1488 2454 1662 2503 ib.1043,

121 2525 178 2558 52.
199 2522 282 2547 cum
304 2508 387 2548 lnd.
413 2508 536 2544 Thuc.
558 2517 597 2543 et
615 2506 726 2542 Dem.
747 2518 792 2542 ex
819 2515 903 2552 237,
931 2516 983 2541 ιι.
1011 2507 1096 2549 636,
1118 2512 1149 2550 3.
1168 2515 1212 2541 ut
1232 2502 1339 2541 fimul
1362 2515 1447 2541 cum
1468 2503 1543 2541 dat.
1564 2503 1658 2552 pers.

119 2561 310 2600 Diem-H.
329 2561 364 2596 S.
389 2559 438 2596 T.
466 2569 495 2594 r.
526 2558 639 2604 (quae
659 2554 877 2604 profuerint
901 2554 947 2590 ad
971 2566 1003 2595 ι,
1025 2557 1060 2604 6,
1087 2555 1157 2599 ι6.)
1188 2565 1269 2590 tum
1290 2554 1338 2591 de
1362 2554 1454 2602 pers.
1484 2553 1657 2596 absolute

114 2612 316 2657 Xen.Cyr.
339 2619 419 2651 mg,
442 2621 475 2644 2.
490 2606 579 2643 Abr.
599 2607 641 2643 L.
666 2607 730 2644 Ar.
757 2618 793 2653 p.
811 2617 892 2649 27²·
908 2618 940 2653 ς.
961 2604 1022 2642 sed
1042 2616 1129 2640 cum
1149 2616 1223 2640 acc.
1247 2603 1302 2640 rei
1330 2610 1392 2646 τὴν
1417 2599 1581 2648 διαθήκην
1594 2604 1657 2642 Rs.
1699 2615 1705 2620 ·

115 2666 186 2700 Or.
209 2663 253 2698 V.
278 2672 308 2704 7.
327 2658 370 2696 Π.
395 2671 479 2695 cum
502 2658 553 2695 N.
574 2656 618 2692 ad
640 2654 798 2694 Herodi.
820 2655 886 2692 Gr.
909 2653 988 2702 post
1007 2655 1131 2692 Mocr.
1156 2667 1187 2701 p.
1211 2659 1296 2701 463.
1321 2654 1345 2691 i.
1369 2653 1432 2691 sed
1454 2666 1540 2692 cum
1567 2652 1655 2692 aliis

116 2726 192 2750 acc.
211 2724 270 2759 ap.
296 2710 411 2746 Diod.
434 2710 472 2745 S.
503 2720 536 2751 1,
565 2719 597 2753 9.
625 2707 651 2744 1,
678 2716 736 2753 34.
761 2706 802 2742 it.
833 2718 868 2752 p.
893 2717 978 2750 255.
1008 2705 1033 2743 1.
1067 2713 1127 2750 93.
1157 2705 1238 2742 lnd.
1269 2706 1378 2741 Dem.
1405 2717 1457 2752 ex⁸
1478 2713 1566 2750 383.
1592 2714 1654 2741 ιο.

116 2773 200 2810 539,
228 2774 284 2798 12.
308 2760 403 2796 Luc.
431 2772 464 2802 2,
489 2763 569 2806 169.
596 2757 620 2793 Ι.
646 2766 704 2804 83.
734 2756 796 2794 ubi
819 2767 858 2792 et
880 2767 964 2792 cum
994 2767 1047 2802 pr.
1068 2759 1102 2792 ἐν
1130 2766 1166 2801 p.
1191 2759 1273 2800 265.
1292 2755 1318 2792 i.
1347 2753 1408 2791 sed
1436 2753 1543 2802 simul
1565 2765 1654 2792 cum

114 2811 296 2860 particula
315 2815 359 2853 ὡς
387 2821 458 2860 pro
479 2806 532 2846 ὅτι
553 2807 651 2845 Plut.
670 2808 757 2857 Krg.
781 2807 814 2851 §-
840 2818 901 2852 49.
921 2816 966 2841 ut
983 2804 1087 2841 fimul
1111 2817 1197 2841 cum
1218 2806 1289 2842 dat.
1314 2804 1404 2853 peri:
1427 2805 1488 2843 Rs.
1508 2805 1577 2840 Or.
1601 2804 1651 2840 V.

111 2869 193 2906 6.7.
216 2860 259 2899 Is.
272 2862 385 2897 Dem.
410 2871 494 2906 524,
511 2868 568 2908 13.
588 2858 680 2895 Luc.
701 2869 731 2900 ι,
753 2856 875 2902 858.i.
899 2868 1013 2906 porro
1036 2866 1121 2893 cum
1146 2867 1216 2892 acc.
1233 2854 1286 2892 rei
1311 2865 1351 2893 et
1367 2853 1438 2892 inf.
1458 2852 1654 2905 ap.Dion.
