1687 3137
617 164 1071 217 EPISTOLA.
1490 168 1608 215 arri

84 271 481 338 exempla'diaorum
501 281 751 336 reperiantur
771 283 892 334 plura.
952 282 1071 333 Quae
1091 280 1230 321 notitia
1245 279 1449 331 librorum,
1479 281 1611 323 adiuta

83 357 158 399 pet
173 340 354 384 Iudicem
372 341 415 381 in
430 339 668 393 compendia
691 341 917 389 nominum,
947 340 1026 378 iam
1042 341 1174 378 Tomo
1196 339 1323 379 Primo
1343 335 1614 391 praemiffum,
1672 390 1678 395 .

83 413 169 441 non
189 399 256 439 illa
271 397 407 452 pueris
427 394 516 438 sane
533 396 785 437 adhibebitur
809 395 858 435 ad
877 409 1016 436 vanam
1038 395 1363 445 ostentationem,
1394 392 1459 435 sed
1477 397 1615 448 potius

82 469 178 498 cum
207 455 254 496 ad
282 454 544 496 reverentiam
575 467 754 495 amorem
790 467 870 507 que
896 454 1031 494 talium
1058 453 1250 493 librorum
1279 463 1396 505 atque
1423 453 1616 505 virorum,

81 513 236 567 ubique
261 510 350 553 fere
373 509 640 562 laudatorum,
679 523 763 551 tum
789 509 839 550 ad
868 510 1123 563 'cupiditatem
1156 523 1295 550 eorum
1330 508 1614 563 legendorum,

83 571 149 623 cui
171 569 231 611 fiti
250 564 406 609 satisfiet
426 567 576 609 deinde
595 581 618 608 e
641 566 894 609 bibliothecis
912 569 977 607 vel
995 567 1179 621 publicis,
1208 566 1272 606 vel
1299 566 1479 619 privatis,
1510 579 1613 620 quas·

82 623 266 669 adeundo
284 637 479 679 quaerent
494 625 615 665 libros
643 626 843 678 cognitos,
874 638 964 665 cum
984 625 1112 678 ignari
1138 624 1273 663 talium
1292 621 1486 670 nesciant,
1514 637 1612 677 quo·

80 680 203 725 modo
223 681 419 723 utendum
447 680 491 721 fit
514 681 786 732 bibliothecis,
817 682 912 734 quid
930 694 978 721 ve
1000 695 1075 734 per
1094 679 1210 721 ferias
1232 692 1274 720 et
1292 681 1370 720 otia
1388 682 1538 721 utiliter
1552 682 1613 723 le·

80 739 262 797 gendum
285 738 335 780 ad
361 738 519 780 notstias
538 753 617 792 que
643 737 952 791 locupletandas.

190 797 365 840 Memini
388 809 504 843 vero,
533 795 632 835 mihi
655 795 706 835 {ic
731 793 920 847 profuisse
940 794 1058 835 etiam
1085 795 1278 841 Rostmm,
1306 804 1612 848 praeceptorem

64 855 176 896 *olim
191 853 258 894 hic
275 851 429 893 Plaviae
447 849 599 905 prorsus
626 854 844 906 egregium.
901 853 985 902 Qui
1011 864 1098 891 cum
1122 848 1291 891 subinde
1315 865 1387 904 per
1413 851 1610 894 lefflones

79 912 123 952 in
147 908 278 951 schola
302 920 370 949 aut
390 908 498 949 domi
527 908 618 962 (ubi
646 906 841 960 hospitem
870 921 936 947 me
962 909 1176 947 multorum
1199 921 1413 959 annorum,
1442 919 1484 948 et
1511 922 1610 951 eum

77 965 277 1008 interioris
298 965 532 1006 admistionis
551 965 756 1018 dignatus)
787 965 949 1003 nomina
970 964 1160 1004 librorum
1178 964 1376 1004 eiusmodi
1397 963 1610 1018 philologi-

78 1036 216 1064 corum
238 1018 476 1075 protulisset,
517 1033 559 1061 et
585 1034 674 1060 cum
698 1017 918 1061 honorifica
951 1020 1321 1071 commendatione,
1358 1034 1403 1060 ac
1430 1034 1496 1061 me
1520 1036 1613 1063 non

76 1082 257 1134 ignarum
272 1077 416 1118 horum
433 1074 631 1117 dimisisset
647 1078 690 1116 in
706 1076 964 1118 Academiam
981 1076 1181 1130 Lipficam,
1210 1089 1249 1118 et
1267 1075 1317 1118 ad
1333 1078 1435 1119 viros
1457 1077 1513 1118 ibi
1529 1080 1611 1132 pri-

75 1134 243 1176 marios:
271 1130 392 1174 habui
413 1144 516 1183 tunc,
543 1146 641 1186 quos
663 1133 711 1173 ab
730 1134 810 1175 istis
827 1134 927 1185 viris,
956 1146 1023 1175 aut
1042 1147 1066 1174 e
1082 1134 1335 1175 bibliothecis
1351 1135 1517 1189 publicis
1537 1149 1611 1189 pe·

74 1202 207 1233 terem
225 1188 366 1241 libros,
395 1202 463 1230 aut
478 1204 578 1243 quos
595 1204 670 1243 per
688 1191 873 1232 examina
891 1189 973 1245 ipse
995 1192 1246 1232 nominarem
1264 1205 1353 1233 cum
1374 1192 1512 1243 laude,
1537 1203 1610 1234 aut

73 1261 175 1301 quos
193 1260 265 1301 per
275 1247 356 1288 otia
372 1245 710 1302 recognoscerem,
723 1248 819 1288 dum
836 1246 925 1288 socii
943 1249 1157 1290 studiorum
1175 1250 1232 1289 nil
1248 1246 1400 1300 scirent,
1422 1249 1529 1303 quod
1541 1260 1608 1291 aut

70 1304 204 1348 secum
221 1302 290 1345 soli
307 1317 388 1357 que
406 1315 586 1360 agerent,
618 1316 685 1345 aut
703 1303 990 1357 responderent
1006 1307 1240 1360 interrogati
1258 1318 1378 1359 atque
1395 1307 1608 1360 explorati.

187 1360 270 1403 Sed
290 1372 334 1402 et
351 1362 516 1402 memini
533 1360 585 1401 de
603 1364 686 1413 Te,
718 1364 770 1402 mi
790 1364 940 1412 Frater,
970 1362 1062 1414 quid
1081 1362 1320 1403 instituendo
1341 1367 1382 1404 in
1403 1364 1505 1405 hanc
1521 1377 1608 1416 par-

73 1427 158 1461 tem
182 1418 350 1458 iuvares.
409 1420 515 1462 Cum
545 1418 655 1460 enim
680 1420 762 1459 ruri
781 1422 935 1460 Tecum
961 1418 1155 1460 habuiffes
1180 1433 1326 1473 magna
1351 1421 1419 1461 illa
1439 1422 1608 1462 Beckio·

73 1488 164 1516 rum
181 1475 361 1525 nomina,
394 1486 435 1516 et
454 1473 626 1516 illumin
648 1477 806 1528 primis,
837 1478 904 1530 qui
923 1476 1074 1529 Lipfiae
1092 1490 1199 1517 nunc
1219 1477 1369 1519 eminet
1399 1479 1453 1518 ita
1479 1479 1607 1532 longe

74 1545 121 1573 ac
137 1532 361 1586 praeclare,
391 1531 440 1572 ad
461 1545 526 1572 me
544 1530 710 1574 duxifl'es
732 1533 864 1582 fimul,
900 1533 1102 1586 professus
1121 1534 1320 1587 quondam
1339 1532 1488 1575 visendi
1504 1548 1606 1589 ergo

73 1583 155 1630 huc
170 1590 365 1629 Plaviam:
395 1590 428 1630 is
445 1588 635 1639 Beckius,
666 1591 720 1630 ita
739 1604 882 1645 gnarus
900 1591 1089 1630 librorum
1110 1590 1283 1632 redditus
1301 1594 1407 1640 aTe,
1438 1592 1515 1639 nil,
1545 1593 1610 1633 ni·

73 1644 125 1696 fi,
151 1656 198 1685 ut
225 1646 369 1688 lateret
394 1647 436 1686 in
453 1645 694 1687 bibliotheca
710 1661 820 1695 mea,
852 1659 927 1688 nec
954 1647 1074 1689 modo
1093 1648 1288 1689 editiones
1314 1647 1544 1702 scriptorum
1562 1649 1608 1689 li·

71 1700 201 1742 bellos
220 1715 300 1756 que
319 1699 650 1744 Observationum
672 1707 919 1757 pervolaret,
949 1703 1018 1745 sed
1046 1716 1086 1746 et
1104 1706 1218 1746 horas
1239 1717 1337 1746 totas
1362 1706 1538 1760 legendo
1557 1706 1608 1748 iis

73 1756 291 1810 frueretur,
319 1759 446 1800 otium
461 1759 512 1801 fic
528 1759 669 1801 fallens
694 1759 805 1801 suum
827 1761 1005 1814 aliquod,
1040 1773 1080 1802 et
1103 1764 1265 1816 explens
1285 1777 1369 1803 non
1387 1761 1606 1816 exspatian-

76 1815 150 1866 do,
179 1813 246 1855 sed
263 1811 438 1856 animum
458 1814 652 1868 pascendo
674 1829 791 1869 atque
808 1818 1034 1859 nutriendo.

185 1871 324 1924 Itaque
340 1872 384 1911 in
402 1873 501 1912 Tuis
519 1872 617 1924 quid
643 1885 750 1912 nunc
773 1873 889 1914 facias
914 1872 1004 1914 filiis
1029 1873 1117 1928 ipfis
1131 1907 1140 1925 ,
1167 1875 1295 1929 probe
1318 1874 1415 1928 scio,
1450 1877 1514 1917 vel
1537 1877 1606 1918 ab}

77 1923 177 1976 sens,
202 1938 247 1967 ut
266 1941 318 1967 ex
337 1926 555 1968 Herodiani
571 1926 643 1969 hac
662 1941 775 1982 parte
792 1930 1033 1986 philologica
1052 1929 1271 1986 suggestam
1294 1948 1315 1972 a
1335 1938 1400 1975 Te
1422 1935 1606 1976 notitiam

76 1982 267 2023 librorum
286 1993 492 2034 tenentes,
521 1999 605 2025 non
623 1998 702 2026 tam
724 1986 884 2026 laudem
906 1989 1073 2041 aliquam
1089 1990 1131 2028 in
1152 1989 1368 2031 Academia
1394 1990 1606 2033 nobiscum

75 2049 120 2078 et
136 2040 396 2093 principatum
413 2041 455 2081 in
467 2041 589 2094 plebe
607 2042 772 2083 studiosa
788 2042 932 2096 ferant,
953 2058 1070 2097 quam
1083 2047 1265 2099 exempla
1276 2046 1399 2088 secuti
1419 2047 1605 2089 domesti-

77 2105 124 2135 ca
149 2106 190 2135 et
207 2095 389 2151 vestigia,
418 2098 649 2150 quaerendo
669 2113 690 2138 a
712 2099 936 2142 doctoribus
957 2114 998 2142 et
1019 2115 1043 2142 e
1066 2102 1316 2144 bibliothecis
1334 2104 1454 2145 libros
1479 2119 1605 2159 gene·

79 2150 132 2192 rie
148 2151 333 2201 huiusce,
362 2153 548 2208 versando
567 2169 646 2208 que
673 2156 746 2197 hos
769 2169 888 2199 manu
905 2158 1045 2198 diurna
1071 2171 1189 2213 atque
1213 2161 1426 2211 noum-na,
1463 2161 1605 2203 doctri-

61 2219 174 2260 ,nam
197 2211 421 2261 cumulent,
450 2224 666 2263 memores,
700 2214 808 2254 libris
832 2212 935 2255 hisce
958 2217 1165 2257 commoda
1192 2217 1384 2259 accedere
1410 2232 1492 2260 non
1517 2231 1604 2260 tan·-

75 2273 165 2304 tum
182 2264 251 2316 iis,
280 2267 349 2319 qui
372 2264 589 2308 scholarum
609 2269 759 2310 umbris
781 2269 963 2312 addicant
987 2274 1123 2324 vitam,
1155 2271 1222 2315 sed
1243 2286 1284 2316 et
1301 2275 1403 2318 adeo
1423 2275 1504 2327 his,
1532 2277 1603 2330 qui

79 2318 361 2376 theologorum
378 2321 584 2377 personam
600 2323 803 2379 suscipiant
820 2341 902 2369 non
923 2331 1157 2384 vulgarium.

187 2377 289 2430 Sed,
317 2380 509 2432 nondum,
535 2383 689 2435 opinor,
718 2382 803 2424 feffi
822 2387 1018 2438 colloquio
1038 2387 1181 2439 nostro,
1206 2390 1342 2429 Frater
1359 2388 1608 2437 Dofi’ciffimef

79 2434 382 2489 progrediamur
400 2437 448 2478 ad
467 2439 687 2480 Herodiani
711 2451 866 2493 partem
890 2444 1068 2494 tertiam,
1098 2457 1200 2496 quae
1219 2445 1277 2486 est
1293 2449 1498 2501 exegetica,
1527 2458 1603 2487 tra·

80 2490 187 2530 {tans
208 2505 290 2531 non
317 2493 436 2533 modo
454 2496 653 2536 Graecum
673 2508 846 2548 textum,
875 2512 954 2552 qua
980 2501 1133 2541 ratione
1153 2501 1379 2544 reddendus
1413 2503 1458 2544 fit
1483 2515 1604 2557 atque

79 2545 390 2602 intelligendus,
418 2546 486 2591 sed
505 2565 663 2605 quoque
680 2553 910 2605 Verfiones,
936 2569 1031 2609 quas
1059 2558 1123 2598 alii
1149 2558 1341 2600 dederint.

195 2604 260 2644 Ad
278 2617 433 2646 textum
449 2608 608 2661 quidem
626 2610 932 2664 intelligendum
953 2625 1043 2653 cum
1069 2616 1288 2666 requiratur
1307 2629 1439 2656 rerum
1466 2615 1605 2672 cogni-

79 2659 138 2699 tio
158 2671 277 2714 atque
295 2662 497 2705 historiae:
525 2678 648 2706 nemo
664 2668 858 2710 lefitorum
878 2671 1056 2709 omnium
1074 2672 1283 2726 negligere
1300 2675 1407 2713 volet
1425 2674 1537 2713 allata
1557 2675 1607 2713 il-

80 2716 147 2757 luc
164 2729 190 2758 e
212 2715 463 2772 scriptoribus
488 2721 665 2762 eiusdem
683 2725 747 2764 vel
775 2726 881 2775 aevi,
908 2726 973 2765 vel
1001 2725 1204 2778 historiae,
1233 2741 1275 2769 ut
1303 2731 1437 2771 Dione
1459 2728 1601 2780 Caffio,

79 2773 330 2837 Capitolino,
359 2777 522 2831 AngliS,
550 2789 619 2819 aut
637 2780 705 2832 qui
729 2793 792 2820 res
808 2792 981 2827 narratas
1006 2783 1217 2836 illustrant,
1246 2797 1288 2826 ut
1307 2787 1601 2840 numismatum,

76 2831 373 2887 antiquitatum,
402 2834 672 2890 geographiae
696 2837 926 2880 auSloribus.
1593 2848 1599 2855 “
