1717 3082
75 89 313 135 LIBERII.
350 90 475 135 CAP.
503 90 618 134 Xffl.
652 91 704 133 A.
721 88 776 137 V.
801 89 850 133 C.
879 89 1000 144 946.
1034 90 1174 136 CHR.
1188 91 1254 139 N.
1282 101 1399 146 193.
1446 94 1547 143 383

40 202 194 272 ὅσπες
222 200 417 252 εἰώθασι
449 201 632 258 Θόαντος
659 200 682 258 ἢ
706 203 787 272 &og—
824 208 939 255 leant
970 207 1276 256 sacrificantem
1301 220 1378 257 aut
1397 207 1557 257 festum

37 351 206 390 Dionem
227 365 306 390 non
325 352 445 395 stetit,
471 365 548 401 quo
570 352 694 390 minus
716 351 940 401 ignoremus.
1002 354 1052 390 Ex
1072 355 1188 403 Spart.
1205 354 1441 403 aliquatenus
1461 366 1556 392 con·

37 401 127 443 ssat,
154 417 227 439 cum
246 404 390 440 Rom.—
408 404 649 439 circunulatis.
710 404 922 440 Subarsnale
946 415 1033 440 vero
1056 406 1105 441 est
1128 416 1213 454 toga
1233 404 1426 446 militaris,
1463 404 1554 442 inde

38 450 156 492 dista,
193 453 297 500 quod
324 452 389 489 sub
417 453 526 489 armis
553 452 664 490 fibula
685 452 964 495 anneReretum
996 454 1056 490 cui
1087 454 1392 503 interpretationi
1421 454 1553 492 favent

36 500 228 548 sequentia
250 502 289 538 in
309 503 435 539 Severi
458 503 630 539 oratione
652 501 703 549 (§.
732 504 800 548 17.)
821 507 890 545 τοῖς
909 519 947 540 τε
969 500 1219 551 περιειληφόσιν
1236 503 1321 551 ὑμεῖς
1343 501 1549 551 sear-calvare

37 549 160 588 κελεύω
181 551 361 599 ἂποζῶσσῆ
388 568 427 589 τε
448 565 480 590 λ.
513 553 628 588 Oxon.

138 601 300 637 Boecleri
324 613 378 637 res
396 602 435 637 in
456 603 503 639 N.
518 601 594 638 Cas.
616 602 659 637 ad
674 603 787 649 Spart.
807 603 828 637 l.
843 601 865 637 l.
891 603 1161 649 praecedebant
1177 603 1298 639 adhuc
1312 602 1416 647 aliae,
1437 614 1555 652 aeque

24 648 110 685 ‹huc
129 650 320 688 facientes.
371 651 551 692 „Plenius
566 651 724 699 explicat
737 650 989 688 Herodianus:
1016 652 1111 689 iuffit
1124 652 1392 700 praetorianos,
1414 652 1556 701 inquit,

36 699 183 736 obviarn
207 699 270 736 fibi
301 701 452 749 prodire
483 701 522 737 in
552 701 678 738 habitu
702 701 799 748 pacis
819 712 857 736 et
885 702 1121 749 triumphali,
1154 701 1179 737 i.
1197 714 1230 745 ς.
1250 714 1328 750 quo
1355 713 1555 739 uterentur

33 747 136 785 festis
158 750 310 792 diebus,
337 762 375 787 et
387 751 726 796 cumimperatores
740 750 1047 799 prosequerentur
1058 751 1354 799 triumphantes,
1377 751 1502 789 κελεύει
1516 769 1555 780 -

36 796 218 844 σχῆμκτι,
258 795 343 837 ‹iio-vr-
364 797 503 838 εἰώθασι
530 797 666 843 Silam-023
694 797 954 846 ἣὲορτάζοντος
981 802 1042 837 τοῦ
1061 808 1226 846 βασιλέως
1246 801 1308 846 (sle
1336 813 1435 849 cum*
1450 802 1555 837 artic.

39 848 271 894 memoriter)
294 864 398 894 πςοπ.
412 862 450 886 et
468 849 586 886 statim
607 856 775 894 πομπικέις
798 853 947 895 ἐσθῆτας
967 854 1141 897 appellat.
1191 850 1277 888 Erat
1296 863 1386 887 vero
1406 863 1556 898 praeto-

36 898 226 934 rianorum
245 897 353 934 vestis
374 905 534 946 signina-2,
568 899 592 934 s.
607 899 775 942 habitus,
814 911 941 945 pacem
964 900 1167 943 denotans,
1203 912 1247 936 ut
1271 900 1440 947 loquitur
1457 902 1555 938 Ter-

38 948 221 998 tullianus
235 971 246 988 ,
279 952 413 994 ἐφεςςὶς
429 961 469 985 et
490 950 634 985 trabeae
655 947 778 984 similis
799 949 964 997 chlamys
985 948 1008 984 s.
1027 949 1160 997 sagum.
1213 950 1369 986 Herodi.
1390 949 1414 985 l.
1438 962 1471 993 7.
1497 951 1553 996 (7,

44 1008 57 1032 ι
71 1008 100 1037 1,
120 1011 140 1041 4
157 999 172 1039 )
195 999 296 1038 ἦλθον
309 1017 348 1026 —
368 1004 400 1035 ἐν
421 1002 533 1040 Λιταῖς
553 1002 674 1040 ἐσθῆσι
693 998 746 1040 καλ
765 1003 928 1044 &ossele-1.
984 998 1054 1033 Sed
1078 999 1156 1048 saga
1184 998 1246 1036 illa
1260 1024 1271 1042 ,
1308 1010 1469 1047 quorum
1499 999 1554 1037 ibi

39 1046 214 1083 meminit
236 1046 499 1087 Herodianus,
523 1046 763 1095 quotidianae
783 1046 895 1083 vestes
914 1059 1037 1084 erant:
1074 1059 1111 1084 at
1129 1048 1214 1085 istae
1228 1073 1237 1089 ‚
1268 1050 1314 1085 de
1333 1048 1468 1097 quibus
1490 1049 1554 1085 hie

38 1095 208 1138 mentio,
243 1107 348 1132 erant
371 1096 556 1142 maz-mv),
594 1108 637 1134 ut
664 1098 777 1133 modo
807 1096 989 1139 diximus,
1025 1110 1062 1133 et
1091 1097 1332 1135 festivitatum
1361 1098 1550 1147 propriae.

38 1145 91 1181 Ex
112 1144 183 1180 istis
204 1143 314 1181 facile
332 1146 380 1181 est
398 1145 594 1194 colligere,
630 1158 811 1192 quaenam
836 1145 898 1182 hic
924 1146 1137 1183 subarmalia
1163 1149 1206 1184 ab
1229 1148 1378 1185 austere
1402 1159 1556 1185 nuncu-

35 1205 184 1242 pentur.
237 1194 335 1231 Sunt
352 1206 478 1232 autem
500 1195 591 1232 haec
604 1195 681 1244 saga
701 1196 725 1231 s.
742 1195 920 1232 militares
938 1209 1047 1244 togae
1060 1196 1106 1232 lic
1123 1199 1346 1246 appellatae,
1372 1200 1476 1245 quod
1487 1199 1555 1236 sub

34 1244 145 1280 armis
164 1240 276 1280 fibula
297 1244 606 1288 annecterentur,
634 1244 694 1281 vel
713 1244 776 1282 sub
794 1258 915 1282 armos
936 1247 1189 1283 reiicerentur.
1237 1249 1334 1284 Nam
1358 1247 1420 1284 etsi
1442 1254 1556 1295 εἰςηνι·

32 1291 88 1335 καλ
106 1305 230 1329 erant:
265 1306 311 1332 ex
339 1304 445 1341 parte
468 1307 594 1332 tamen
625 1293 820 1331 militarem
851 1295 1019 1332 habitum
1050 1296 1275 1335 referebant.
1331 1299 1443 1334 Favet
1465 1299 1554 1334 huic

31 1342 262 1383 sententiae,
298 1343 404 1391 quod
421 1343 505 1382 istos
525 1343 681 1393 inermes
703 1344 841 1382 milites
860 1347 1090 1393 compellans
1110 1348 1288 1390 Severus,
1315 1345 1452 1388 κελεῦω,
1484 1346 1555 1388 ait.

31 1388 211 1438 ἆποζῶσοᾶ
223 1409 264 1430 τε
280 1392 367 1438 ὖμᾶς
383 1417 393 1434 n
418 1392 473 1438 novi
491 1390 729 1437 ἀποδύσαντας
741 1419 751 1436 ,
776 1394 808 1433 εἴ
823 1411 917 1437 τινας
935 1398 1126 1442 meinero-fle
1147 1400 1297 1440 ἐσθῆτας
1316 1402 1555 1443 serzi-mrum,

30 1441 174 1486 γυμνούς
193 1445 445 1484 ἇποπέμπειν.“
498 1444 549 1480 Ex
570 1457 644 1491 quo
667 1445 770 1482 duflm
799 1445 930 1492 partim
960 1446 1020 1481 illa
1042 1446 1082 1482 in
1101 1447 1146 1482 N.
1169 1447 1214 1482 ad
1234 1447 1353 1485 Dion.
1372 1448 1488 1483 Reim.
1516 1459 1554 1494 p.

36 1501 140 1534 1241.
161 1489 192 1537 §.
216 1500 248 1536 3.
276 1495 424 1540 „Spart.
445 1505 476 1529 c.
487 1507 516 1539 4.
538 1493 670 1541 (immo
694 1498 742 1540 6.)
762 1496 1010 1542 praetorianos
1031 1509 1105 1532 cum
1117 1495 1393 1545 subarmalibus,
1421 1496 1554 1533 habitu

28 1546 262 1590 pacatorum,
292 1544 329 1588 (e
355 1542 430 1579 Pol.
455 1543 536 1586 hic,
563 1557 674 1592 quein
696 1546 758 1593 Bg.
782 1544 933 1590 deserit)
952 1545 1070 1587 veste,
1109 1558 1204 1594 quae
1223 1547 1290 1583 sub
1308 1547 1417 1582 armis
1437 1545 1553 1583 fibula

30 1590 315 1634 annestebatur,
346 1604 417 1639 qua
438 1591 681 1640 imperatores
700 1594 973 1642 triumphantes
992 1595 1167 1643 'prosequi
1189 1596 1371 1636 solebant,
1399 1597 1553 1633 inermes

28 1638 94 1684 fibi
110 1635 204 1684 itfft
225 1649 455 1678 occurrere.“
503 1643 576 1679 Sed
597 1645 731 1680 GraeV.
753 1644 865 1680 Thes.
891 1645 937 1680 T.
952 1649 982 1679 6.
1013 1646 1152 1681 Ferrar.
1177 1645 1224 1682 de
1244 1658 1284 1682 re
1304 1646 1388 1682 vest.
1411 1660 1446 1694 p.
1468 1649 1554 1686 862.

31 1688 75 1725 C.
106 1691 235 1728 „Inter
258 1690 476 1727 vestimenta
495 1692 664 1728 militaria
687 1692 792 1729 fuere
812 1693 1035 1730 subarmales
1055 1694 1080 1732 s.
1102 1694 1377 1737 subarmalia,—
1398 1695 1551 1732 crassum

29 1736 215 1784 sagulum,
243 1739 348 1787 quod
368 1740 431 1777 sub
451 1741 560 1777 armis
581 1742 829 1783 induebatur,
856 1755 898 1778 ut
925 1755 1054 1778 eorum
1082 1743 1239 1780 durities
1262 1745 1385 1781 minus
1415 1756 1555 1792 corpus

31 1787 265 1829 offenderet,
301 1789 361 1825 sed
380 1790 572 1836 profundo
594 1803 748 1838 excepta
773 1802 992 1840 tegumento
1020 1793 1172 1829 moliius
1198 1795 1345 1841 corpori
1375 1794 1552 1831 insideret

29 1847 71 1873 et
91 1837 333 1874 tolerabilius.
383 1840 510 1886 Atque
533 1839 579 1876 ita
600 1841 642 1877 ab
661 1840 769 1875 armis
790 1840 994 1877 subarmale
1013 1842 1171 1883 dmum,
1198 1843 1301 1890 quod
1324 1844 1396 1881 scil.
1418 1844 1483 1881 sub
1495 1856 1552 1880 ar-

29 1887 98 1922 mis
119 1887 327 1933 gestaretur.
380 1889 482 1924 Haec
499 1889 628 1934 opinio
649 1889 834 1937 displicuit
857 1892 1072 1927 Casaubono
1091 1892 1133 1927 ad
1156 1895 1294 1940 Spart„
1326 1893 1431 1942 quod
1452 1892 1550 1930 scili-

30 1948 90 1972 cet
106 1934 204 1982 pacis
227 1947 266 1972 et
285 1949 504 1983 pomparum
518 1940 585 1973 hae
604 1938 716 1975 vestes
734 1939 862 1976 essent.
910 1941 1004 1978 Nam
1021 1941 1273 1983 Herodianus,
1300 1944 1454 1979 eandem
1469 1956 1549 1981 rem

29 1997 202 2025 narrans,
236 1986 282 2020 de
303 1987 439 2022 Severo
458 1987 484 2022 l.
506 2001 536 2023 2.
557 1988 703 2029 scribit,
739 1991 782 2026 ab
812 2002 855 2025 eo
877 1991 1026 2026 edievam
1057 1991 1308 2037 propositum,
1341 2003 1382 2028 ut
1402 1995 1552 2030 l'raeto-

30 2033 146 2074 riani,
180 2034 316 2070 relic‘lis
336 2036 432 2082 apud
454 2035 572 2083 crgstra
593 2038 723 2080 armis,
750 2039 892 2075 exirent
915 2039 1012 2087 pacis
1031 2041 1167 2084 hanim,
1191 2053 1314 2089 eoque
1329 2043 1444 2083 cultu,
1470 2056 1548 2090 quo

26 2084 216 2130 procedere
240 2083 279 2119 in
295 2093 453 2132 pompam
473 2086 744 2125 consuevissent
753 2088 986 2136 sacrificante
1004 2102 1066 2126 aut
1085 2091 1175 2126 diem
1186 2091 1319 2141 festum
1333 2093 1547 2130 celebrante

28 2133 258 2179 imperatore.
311 2135 403 2170 Mox
426 2133 592 2178 subiicit,
620 2149 685 2173 eos
705 2138 841 2173 retiais
861 2139 970 2175 armis
991 2139 1178 2188 proceffiffi
1199 2146 1228 2178 ἐν
1249 2157 1320 2185 μον.
1340 2147 1417 2184 ταῖς
1436 2158 1547 2187 oraim.

26 2182 126 2221 ἔσθ..
163 2182 200 2216 in
223 2194 442 2229 pomparum
463 2185 598 2223 babitu.
648 2189 776 2235 Atque
796 2188 844 2224 ita
868 2189 1048 2225 existimat
1070 2191 1311 2227 Caiaubonus
1334 2204 1412 2228 non
1436 2194 1480 2228 ab
1492 2205 1548 2229 ar-

27 2230 119 2270 mis,
135 2230 288 2282 'quibus
307 2244 531 2280 pugnamus,
563 2236 621 2272 sed
643 2241 709 2274 ἀπὸ
729 2245 793 2274 τῶν
809 2237 1013 2282 αἵμασι-λωτῶν
1033 2238 1233 2276 subarmale
1252 2239 1391 2277 dit‘tum
1404 2267 1414 2283 ,
1440 2241 1547 2290 quod

25 2277 101 2315 scil.
122 2280 184 2314 iub
204 2281 314 2316 armis
334 2280 445 2318 fibula
464 2283 684 2327 nec'teretur,
711 2288 767 2322 vel
781 2286 843 2323 sub
862 2301 983 2323 armos
1003 2290 1232 2325 reticeretur.
1289 2290 1406 2327 Fuisse
1417 2301 1545 2329 autem

26 2339 131 2382 ruffus
151 2329 327 2383 militares
347 2330 476 2380 lisaga.
525 2333 622 2370 Mihi
643 2346 767 2373 tamen
785 2338 955 2373 Turnebi
975 2338 1123 2374 notatio
1151 2351 1228 2375 non
1251 2338 1445 2388 displicet,
1467 2341 1547 2380 scil.

25 2377 70 2431 ab
93 2389 224 2419 arinis,
261 2380 399 2425 quibus
421 2393 649 2430 pugnamus,
677 2385 880 2423 subarmale
902 2387 1065 2429 dietum,
1102 2389 1203 2435 quod
1232 2390 1342 2425 armis
1361 2388 1444 2436 ipsis
1466 2392 1547 2429 sub-

40 2425 210 2463 iceretur.
264 2430 343 2464 Nec
364 2429 441 2466 obst
467 2443 502 2473 t,
529 2433 683 2469 eandem
706 2436 840 2471 vestem
863 2436 969 2472 fuissc
988 2438 1098 2474 eriam
1113 2449 1331 2484 pomparum
1345 2440 1550 2488 propriam.

64 2488 120 2510 am
139 2489 223 2531 cum
240 2478 466 2516 praetoriani
480 2480 516 2517 in
531 2482 956 2531 comitatuimperatoris
969 2487 1095 2521 armati
1118 2487 1355 2525 incederent:
1383 2490 1424 2526 in
1437 2503 1546 2538 pom-

25 2535 68 2574 P?
88 2537 154 2580 per
174 2525 254 2580 dies
282 2527 393 2562 festos
418 2541 460 2563 ac
491 2531 600 2566 ludos
630 2532 790 2570 inermes
820 2537 1092 2581 procedebant;
1126 2548 1170 2572 nt
1192 2548 1317 2574 tamen
1347 2551 1366 2574 a
1386 2540 1546 2589 reliquis

26 2575 166 2610 civibus
191 2576 511 2629 dilcvernerentur,
553 2580 775 2627 subarmalc,
812 2595 987 2632 tanquam
1019 2586 1150 2622 vestem
1173 2587 1375 2626 militarem
1403 2591 1545 2629 retine-

27 2619 125 2669 bant.
173 2624 286 2660 iss'uisse
316 2627 416 2662 enim
447 2627 484 2664 id
515 2629 674 2668 militare
697 2631 979 2675 indumentum,
1015 2647 1058 2670 ex
1080 2635 1296 2673 Herodiano
1318 2637 1458 2676 fatetur
1475 2643 1544 2678 Ca.

25 2666 220 2725 sfillbof‘uf·
265 2675 360 2711 Nam
383 2677 539 2715 Severus
560 2677 598 2715 in
619 2682 813 2723 oratione,
841 2695 911 2731 qua
930 2684 1030 2730 ipsos
1052 2684 1324 2729 exauaoravit,
1347 2688 1417 2725 ait:
1443 2691 1541 2731 iubeo

45 2726 87 2752 ⁹8
108 2716 312 2765 ‘s1fi‘1m‘i'vsn
345 2736 386 2760 ac
408 2725 626 2777 vestimentis
646 2730 873 2770 militaribus
889 2742 1012 2770 exutos
1039 2731 1200 2772 inermes
1222 2736 1404 2786 discedere.
1456 2741 1543 2780 Nec
