1722 3086
152 157 268 207 942
345 141 517 192 LIBER
531 141 608 190 IV.
639 143 764 191 CAP.
783 145 858 191 IX.
889 143 942 191 A.
960 142 1017 193 V.
1038 142 1088 193 C.
1108 145 1220 208 969.
1247 143 1387 196 CHR.
1406 149 1471 196 N.
1495 148 1616 202 216}

148 261 259 319 τούς
317 260 616 333 ὑπεξέχοντας
674 258 840 312 πολλοὶ
876 258 912 323 ¹,
956 272 1216 333 optimates,
1259 289 1373 336 quae
1406 266 1558 323 festiva
1591 275 1688 341 qui-

153 340 375 410 χοιξῖεντοι
402 339 479 407 μὲν
506 341 658 395 αὐτοῖς
683 334 914 399 δοκοῦντα,
956 345 1058 392 dem
1092 345 1193 412 ipsis
1229 349 1461 406 videntur,
1506 350 1687 401 molesta

151 415 342 487 λυπηξοὲ
394 411 444 489 δὲ
485 422 580 472 τοῖς
631 413 916 483 σκωφθεῖεν.
955 434 1105 470 autem
1143 423 1243 471 sunt
1276 427 1353 482 iia,
1391 429 1441 475 in
1471 444 1585 493 quos
1622 429 1687 478 di·

245 548 280 588 Ι)
305 549 370 582 Ms.
397 547 455 580 na.
483 549 598 581 πολλὲ·
625 557 704 590 χιε.

148 673 228 713 φεεν
256 673 325 711 pro
350 661 467 700 tacite
488 661 671 704 innuere,
697 659 759 698 sed
779 674 815 697 v.
834 661 917 700 Cas.
936 667 974 699 et
994 661 1039 699 ad
1057 660 1094 699 h.
1116 662 1142 699 Ι.
1162 673 1202 700 et
1221 662 1267 700 ad
1286 664 1406 703 Strab.
1428 675 1466 713 p.
1485 675 1547 711 40.
1571 664 1596 702 s.
1619 670 1680 711 67.
1721 656 1722 702 ζ

147 713 339 752 Almelov.
388 710 490 750 Hinc
507 709 744 759 perspicuum
765 710 839 753 est,
868 712 1074 759 ὖπογραφᾰς
1091 712 1127 748 h.
1147 713 1172 751 1.
1192 712 1264 751 effe
1284 714 1401 752 tectas
1422 714 1682 754 cavillationes
1721 714 1722 755 Ξ

148 775 192 801 et
209 762 372 805 difies-ia,
401 762 427 798 s.
447 761 635 798 eiusmodi
655 761 845 798 sermones
863 763 1003 809 quibus
1023 762 1179 800 obscure
1198 763 1282 811 quis
1302 764 1494 803 laceffitur.
1543 765 1682 803 Cuius·
1721 776 1722 787 ³

148 813 256 851 modi
275 813 350 851 fuit
374 812 584 849 Germanici
612 823 848 860 cognomen,
878 813 980 859 quod
1009 824 1092 849 non
1119 814 1213 850 nulii
1241 811 1293 850 ita
1321 813 1681 862 interpretabantur,
1721 817 1722 856 j

145 863 248 913 quasi
272 865 322 900 ob
339 861 502 899 occisum
519 859 676 899 fratrem
690 874 905 909 germanum
927 860 975 897 fic
993 862 1255 909 appellaretur.
1292 862 1415 901 Simili
1436 863 1682 912 ambiguitate
1721 873 1722 908 ξ

144 915 263 952 etiam
284 914 430 950 Geticus
449 912 636 949 Maximus
658 911 777 948 dicius
800 913 871 954 est,
905 923 1023 960 quum
1054 923 1092 948 et
1114 914 1225 950 Getas
1249 911 1272 950 s.
1294 915 1444 951 Gothos
1472 912 1680 951 levioribus
1721 921 1722 947 i

144 964 300 1014 praeliis
330 961 497 1005 vicisset,
524 972 565 998 et
582 961 736 999 fratrem
768 961 895 999 Getam
925 961 1193 1005 interemisset,
1227 976 1261 1000 v.
1281 962 1467 1013 Spartian.
1495 964 1620 1001 Carae.
1638 975 1687 1002 et-
1721 957 1722 1004 Ῑ

145 1014 195 1053 ad
223 1013 390 1052 eundem
411 1014 493 1049 Cas.
510 1010 688 1049 observat.
715 1011 855 1047 Stroth.

251 1079 332 1122 Qui
361 1090 401 1116 et
421 1078 463 1115 in
485 1079 533 1115 N.
554 1078 644 1114 Chr.
675 1077 911 1128 „suspettum
941 1077 989 1114 est
1009 1078 1081 1116 hoc
1107 1080 1334 1118 vocabulum
1362 1081 1411 1118 H.
1431 1081 1588 1130 Steph.,
1615 1079 1678 1117 sed

141 1129 249 1169 aliud
280 1128 496 1167 substituere
517 1139 599 1164 non
627 1128 774 1171 audeo,
804 1130 861 1175 (et
889 1128 940 1165 ib.
966 1129 1066 1175 lnd.)
1106 1127 1164 1167 iix.
1191 1131 1268 1167 eine
1295 1129 1496 1179 satyrische
1525 1129 1679 1167 achilde-

142 1193 266 1230 rung,
286 1201 327 1208 -
351 1183 446 1218 παιδ.
471 1178 533 1215 ein
552 1177 715 1214 Schera«
741 1178 806 1216 sed
823 1178 906 1214 Sch.
929 1193 997 1219 „aa
1025 1179 1176 1216 dicteria
1198 1180 1348 1222 festiva,
1374 1179 1434 1218 ὑπ.
1456 1179 1677 1230 descriptio·
1721 1213 1722 1218 ,

141 1243 214 1269 nes
234 1229 335 1276 (hoc
354 1240 473 1266 unum
502 1242 546 1265 ex
568 1229 648 1265 lnd.
668 1229 746 1270 Sb.)
777 1227 975 1264 cavillandi
1003 1229 1131 1266 animo
1154 1230 1297 1266 dietaset
1326 1240 1366 1266 at
1386 1243 1444 1278 ap.
1470 1231 1574 1268 Suet.
1599 1230 1624 1266 Ι.
1648 1228 1674 1265 Ι.-
1721 1219 1722 1246 ³

140 1281 398 1328 caufidicorum
426 1278 559 1328 figuras
576 1296 617 1306 -—
638 1276 802 1324 leniffime
823 1279 911 1314 tftlit
939 1279 1018 1316 Cas.
1040 1278 1079 1315 in
1100 1281 1149 1317 N.
1174 1278 1470 1323 ‚‚Hero‹1ianus‚
1498 1291 1543 1317 ut
1570 1280 1676 1316 vide·
1721 1281 1722 1284 ’

142 1340 210 1369 tur
229 1329 435 1377 ὖπογςαφόις
457 1330 480 1364 Ι·
507 1341 541 1374 4·
561 1328 746 1369 nominat,
770 1328 901 1364 Suidas
922 1330 1114 1374 σκώμματα
1134 1327 1304 1375 ῥητόρων,
1329 1329 1463 1367 Graeci
1488 1327 1676 1372 iaeouotoecff
1721 1364 1722 1372 ,

143 1392 228 1420 tum
247 1393 304 1429 ap.
329 1379 416 1416 ssud.
442 1380 483 1414 C.
507 1387 590 1425 831,
613 1389 671 1422 27.
698 1376 785 1417 „155-
808 1388 879 1426 qua
902 1377 1067 1414 difflone
1084 1379 1324 1415 Herodianus
1345 1392 1413 1427 pro
1439 1377 1596 1428 figurato
1616 1378 1674 1415 di·

142 1431 204 1470 ἕὶο
226 1441 266 1468 et
286 1428 447 1466 ridiculo
470 1427 554 1464 usus
576 1427 626 1464 est
644 1427 669 1463 1.
690 1435 756 1474 4.“
778 1426 866 1464 hinc
884 1425 961 1463 fine
985 1428 1070 1470 Vs..
1096 1439 1135 1464 et
1153 1429 1321 1473 Stp.Th.
1344 1427 1513 1477 „timfig
1535 1429 1670 1465 dillum
1721 1419 1722 1431 ¹

139 1491 180 1519 et
197 1482 269 1517 rid.
284 1479 376 1517 Eud.
395 1478 552 1525 interpr.
573 1490 617 1513 ex
639 1476 794 1513 Herodi.
816 1477 839 1513 Ι.
854 1489 887 1522 4.
905 1475 962 1519 κα.)
987 1482 1217 1521 new—wau&-
1256 1478 1328 1514 Sed
1351 1490 1484 1515 vereor
1503 1490 1552 1514 ne
1565 1491 1670 1516 men.

142 1531 232 1569 dose
247 1532 392 1579 legatur
405 1527 454 1564 ibi
477 1526 713 1574 ὑπογραφᾰςῑῐ
736 1525 800 1574 qui
816 1525 936 1562 forsan
952 1527 1140 1575 cogitabat
1156 1533 1350 1574 ἐπιγραφέις
1368 1527 1668 1575 evopisc.insa.

141 1593 243 1619 turn.
257 1581 479 1625 c..7.T.2.p.7
489 1590 501 1613 1
512 1576 669 1625 8.e.scmt
679 1576 954 1624 enlmAegyptii
965 1577 1087 1612 —viri
1095 1577 1250 1619 venturi,
1264 1577 1667 1622 furibundijattantes,
1721 1580 1722 1622 ζ

140 1630 318 1676 iniuriosi,
330 1640 443 1676 atque
462 1628 555 1664 adeo
576 1627 692 1668 varii.
713 1625 837 1666 liberi,
861 1637 1036 1662 novarum
1058 1639 1181 1664 rerum
1202 1626 1304 1675 usque
1323 1627 1368 1662 ad
1379 1627 1581 1664 cantilenas
1600 1640 1669 1675 pu-
1721 1631 1722 1639 ¹

137 1681 258 1720 blicas
277 1680 478 1729 cupientes,
505 1675 794 1718 verfificatores‚
819 1676 1157 1724 epigrammatarii,
1185 1679 1231 1712 ad
1257 1678 1361 1725 quod
1385 1676 1492 1724 postr.
1522 1678 1606 1714 Cas.
1626 1678 1669 1714 in
1721 1689 1722 1713 i

137 1733 190 1771 N.
209 1743 243 1776 7.
265 1728 359 1778 „qui
381 1726 544 1764 verfibus
560 1738 602 1764 et
620 1725 896 1775 epigrammatis
918 1727 1066 1762 enormi
1091 1726 1263 1762 libertate
1291 1726 1332 1763 in
1362 1726 1553 1775 principes
1579 1727 1666 1764 suos
1721 1753 1722 1763 1

138 1794 179 1820 et
199 1780 428 1828 magistratus
446 1777 622 1813 ludantst
684 1775 758 1812 Sed
780 1776 875 1812 salva
895 1775 946 1812 est
968 1776 1101 1824 utique
1129 1775 1239 1813 leffio
1270 1776 1371 1825 vulg.
1423 1777 1520 1814 Nam
1542 1776 1665 1824 primo
1720 1767 1722 1781 ⁴

137 1831 219 1880 ipse
236 1831 317 1877 Stp.
335 1829 411 1865 Th.
435 1838 542 1864 tenet
560 1825 782 1868 notionem,
813 1837 886 1874 qua
906 1824 948 1861 fit
967 1825 1205 1874 „descriptio
1229 1826 1369 1874 primae
1390 1838 1524 1863 manus
1541 1838 1579 1864 et
1605 1826 1668 1863 de-
1721 1839 1722 1866 ς

137 1880 312 1920 lineatio.
335 1878 438 1916 rudis
457 1888 497 1913 et
518 1876 623 1913 crassa
643 1875 909 1913 adumbratiow
928 1875 968 1912 in
988 1887 1061 1924 qua
1082 1876 1175 1912 inest
1197 1875 1257 1912 illa
1276 1875 1332 1912 vis
1354 1889 1409 1924 pr.
1427 1875 1518 1917 ὑπὸ,
1552 1889 1666 1925 quam
1721 1903 1722 1910 ,

135 1943 180 1970 et
203 1929 346 1968 Stroth.
366 1927 514 1970 attulit,
543 1938 589 1963 ut
613 1926 655 1963 in
674 1927 754 1962 Lat.
775 1926 866 1974 sub,
895 1937 990 1971 quae
1008 1925 1064 1961 vis
1094 1937 1223 1962 tamen
1241 1926 1382 1963 deinde
1402 1925 1569 1976 negiefia
1584 1952 1594 1969 ,
1623 1937 1665 1964 ut
1721 1921 1722 1937 ἢ

137 1983 180 2019 in
206 1980 310 2020 aliis,
337 1979 511 2018 videtur,
539 1987 585 2013 ut
605 1987 674 2025 pro
703 1975 835 2020 quavis
855 1974 1111 2021 descriptione
1141 1984 1180 2012 et
1201 1975 1417 2023 depictione
1448 1988 1665 2023 poneretur.

137 2031 190 2068 cf.
209 2029 290 2068 Ind.
309 2029 415 2066 Polb.
436 2039 471 2064 et
491 2027 583 2063 Poll.
605 2038 641 2070 7,
665 2035 768 2066 128..
795 2027 899 2062 unde
918 2024 1016 2062 reete
1037 2025 1126 2062 Rsk.
1150 2025 1420 2074 interpretatus
1437 2037 1477 2063 et
1495 2028 1558 2075 Bg.
1580 2040 1601 2063 e
1620 2026 1663 2062 P.

135 2082 284 2119 Verum
305 2077 444 2116 deinde
467 2090 487 2112 e
511 2087 694 2114 contextu
715 2075 798 2118 hic,
822 2086 861 2112 et
880 2075 1040 2111 maxime
1058 2088 1079 2112 e
1099 2075 1202 2124 sqq.⁷
1227 2074 1427 2113 definietur
1445 2077 1556 2113 notio
1585 2088 1663 2112 ma-

134 2131 206 2181 gis.
231 2142 275 2167 ut
294 2128 339 2166 fit
355 2127 556 2174 descriptio
577 2138 726 2162 morum
747 2137 960 2174 pravorum,
987 2123 1168 2162 vitiorum
1190 2137 1232 2161 ac
1253 2126 1455 2168 scelerum,
1481 2137 1553 2173 qua
1573 2125 1662 2174 quis

133 2181 235 2219 teste
269 2178 426 2217 obscure
453 2186 527 2225 que
549 2177 742 2222 culpatur,
777 2187 889 2223 quam
917 2175 1118 2211 notionem
1139 2176 1229 2212 Bud.
1253 2175 1412 2214 retinuit
1435 2175 1517 2213 fere
1546 2175 1660 2212 etiam
1697 2184 1702 2187 ’

132 2232 176 2270 L.
197 2231 295 2272 Em,
323 2241 369 2265 eo
390 2238 463 2275 que
481 2225 636 2262 confiiio
650 2225 782 2262 Noster
801 2224 975 2261 adiunxit
993 2225 1056 2260 rel.
1077 2237 1144 2271 pro
1157 2226 1312 2272 quadam
1334 2225 1662 2272 interpretatione,

130 2279 198 2318 ubi
217 2282 345 2318 παιὲια)
368 2277 453 2314 sane
472 2276 562 2312 sunt
580 2275 722 2322 species
744 2273 890 2322 prioris,
909 2273 984 2310 ioci
1006 2273 1215 2316 mordaces,
1243 2286 1281 2312 et
1296 2273 1446 2311 disten-ia
1466 2274 1608 2311 ludicra
1626 2274 1655 2311 s.

130 2330 289 2368 ridicula
304 2355 313 2371 ,
339 2328 384 2364 ab
406 2326 472 2363 alia
495 2335 601 2373 parte
618 2337 695 2361 rem
715 2323 908 2372 cogitante
929 2324 1078 2362 Nostro.
1129 2326 1237 2372 Qae
1262 2335 1348 2360 cum
1367 2324 1554 2361 eiusmodi
1571 2324 1657 2368 fine,

130 2391 177 2417 ut
194 2392 260 2428 per
280 2380 341 2415 ilia
361 2377 557 2413 involucra
584 2385 698 2424 atque
729 2374 986 2422 integumenta
1014 2386 1138 2410 tamen
1167 2385 1343 2421 appareat
1373 2385 1413 2411 et
1434 2374 1657 2423 agnoscatur

128 2432 187 2473 is,
215 2429 279 2478 qui
299 2423 578 2475 perstringitur:
605 2435 685 2461 tum
707 2424 751 2459 iis
772 2421 955 2460 convenit
977 2423 1057 2459 adv.
1078 2423 1200 2460 Nostri
1220 2427 1315 2464 εὖς..
1343 2423 1447 2471 quod
1469 2424 1506 2461 b.
1529 2424 1551 2460 Ι.
1573 2422 1599 2460 i.
1617 2436 1654 2473 q.

128 2491 238 2528 apte,
277 2476 458 2526 personae
483 2486 557 2523 que
586 2473 883 2514 convenienter,
914 2472 1140 2510 nostratibus
1171 2484 1324 2521 quoque
1352 2472 1535 2522 trqffend,
1560 2474 1653 2520 (pro

125 2530 211 2567 lnd.
239 2527 384 2565 Stroth.
409 2523 791 2572 „fein,finnreicb“)
819 2535 865 2559 ex
891 2522 1027 2559 eodem
1049 2531 1162 2571 tropo
1189 2532 1229 2559 et
1256 2522 1499 2560 iaculantium
1525 2522 1652 2568 scopo,

125 2590 202 2626 qua
226 2575 373 2627 phyfica
403 2575 567 2613 notione
590 2573 639 2610 cf.
658 2586 713 2621 ap.
733 2571 802 2610 Ios.
824 2583 858 2612 2,
879 2583 962 2616 295.
990 2571 1015 2609 s.
1041 2585 1075 2617 5.
1097 2572 1121 2608 Ι.
1139 2586 1174 2617 4.
1202 2583 1300 2609 certo
1321 2573 1416 2614 ir‘lu,
1437 2582 1483 2608 ut
1503 2569 1651 2620 tropice
1712 2573 1719 2579 “

122 2628 177 2667 ib.
200 2641 233 2670 r,
256 2637 342 2674 405.
362 2626 386 2662 Ι.
407 2629 438 2661 6.
469 2624 648 2674 appqfi'te,
675 2635 731 2670 ap.
751 2623 838 2660 Luc.
863 2634 952 2659 vero
977 2620 1090 2658 etiam
1120 2623 1168 2659 de
1188 2622 1295 2659 distis
1321 2634 1353 2665 1,
1372 2625 1433 2658 26.
1466 2622 1490 2656 Ι.
1510 2633 1568 2667 40.
1596 2622 1652 2656 di-

122 2677 242 2720 ret‘le,
267 2688 306 2713 et
323 2687 358 2724 3,
385 2687 464 2720 ιις.
489 2676 512 2710 i.
534 2680 618 2721 πρὸς
645 2679 685 2711 σὲ
710 2677 737 2710 ἐ.
758 2677 948 2719 εἰρημένον,
973 2680 1082 2719 apte,
1107 2671 1208 2718 quod
1237 2672 1315 2708 Lat.
1345 2683 1431 2708 cum
1452 2672 1517 2720 Bg.
1544 2681 1652 2707 tenet

120 2729 205 2775 Stp.
228 2726 326 2768 Th„
347 2724 409 2762 sed
438 2723 514 2761 line
538 2722 707 2764 austere,
736 2720 787 2757 cf.
811 2721 892 2759 lnd.
913 2721 976 2758 Sb.
1000 2722 1087 2758 Luc.
1111 2720 1226 2757 Diod.
1245 2723 1281 2757 S.
1306 2733 1338 2762 r,
1360 2730 1418 2767 39.
1437 2720 1462 2757 Ι.
1481 2732 1540 2766 4¹·
1562 2731 1649 2756 cum

119 2775 217 2815 Pon.
237 2780 273 2819 6,
294 2786 379 2821 205.
394 2774 699 2814 conieauralitem
726 2771 909 2819 iungente
928 2771 967 2808 id
986 2771 1123 2808 Nostro
1142 2770 1188 2806 ad
1206 2771 1349 2818 analag.
1369 2770 1471 2807 illam
1487 2782 1548 2816 ap.
1558 2771 1649 2806 Luc.

118 2837 208 2865 cum
228 2839 263 2864 v.
283 2838 317 2864 Λ.
330 2848 344 2868 ,
370 2824 435 2863 ubi
457 2824 542 2862 Sch.
568 2823 727 2866 „dicere
746 2821 848 2865 ioca,
874 2824 946 2863 εὖς.
966 2821 1097 2860 dextre
1122 2819 1248 2859 dicere
1270 2820 1474 2869 illufiones“
1495 2819 1587 2858 dum
1609 2815 1652 2856 id
