1722 3086
121 115 186 163 92
199 116 230 149 ο
282 104 459 153 LIBER
471 94 551 152 1v'.
576 105 839 155 CARVm.
861 92 1053 158 A‚v.'c.
1068 107 1192 168 968·
1224 110 1366 160 cHR.
1382 111 1450 161 N.
1466 101 1492 158 2'
1508 102 1528 159 i
1545 101 1595 172 5:

124 220 249 283 θεὶς,
278 219 376 277 ἧκεν
410 225 471 277 εἷς
486 218 638 278 Ἴλιον.
683 222 895 275 ἐπελθὼν
941 246 1022 278 10.
1044 234 1167 282 venit
1190 232 1247 281 ad
1268 233 1416 284 Ilium.
1449 244 1494 284 et
1513 234 1668 303 perlu-

124 292 175 348 δὲ
199 296 363 349 πάντα
392 298 455 349 τοὶ
487 303 566 356 τῆς
597 297 776 356 πόλεως
806 301 891 351 λεί-
928 307 1069 358 stratis
1121 310 1331 360 omnibus
1382 311 1507 360 urbis
1563 313 1665 362 reli-

125 373 291 441 ψανοι,
351 375 448 435 ἧκεν
486 378 563 429 ἐπὶ
604 376 676 429 τὸν
731 379 894 443 Ἀχιλ-
931 389 1060 452 quiis,
1093 389 1216 438 venit
1237 389 1293 437 ad
1316 388 1502 438 Achillis
1524 388 1667 457 sepul·

122 530 309 575 φορηθεὶς,
337 529 388 568 ibi
415 544 490 568 cum
515 531 641 569 multo
653 531 696 580 se
714 531 897 571 onerasset
920 547 1040 579 mero,
1069 536 1137 586 qui
1163 535 1265 575 casus
1289 546 1447 585 quartus
1469 547 1557 575 cum
1578 535 1666 584 pass'.
1720 561 1722 579 2

121 578 228 617 sensu
254 581 354 617 med.
377 582 428 618 est
452 595 473 618 e
500 582 665 620 notione
685 584 774 625 ast..
803 596 915 633 quam
944 585 1056 624 habet
1083 588 1205 630 med.‚
1232 586 1297 624 etsi
1317 587 1406 624 alias
1433 585 1549 624 etiam
1580 584 1666 636 paff-

121 628 251 666 secum
273 630 406 669 ferunt
432 645 506 669 acc.
538 633 614 676 rei,
641 633 705 672 sed
726 634 806 673 fere
826 647 893 683 per
912 635 1058 685 ellipsin
1080 650 1135 685 pr.
1165 642 1281 680 κατὰ,
1306 649 1403 686 quae
1425 636 1486 673 hic
1507 650 1587 674 non
1607 636 1673 676 vir

124 680 236 716 detur
249 682 461 718 commoda.
513 686 590 721 Iam
610 683 657 722 de
676 698 716 723 re
736 695 774 721 et
799 684 928 733 petitis
947 687 1087 725 oraculi
1111 700 1176 736 per
1195 687 1340 725 somnia
1358 696 1399 724 et
1424 685 1666 725 cubitionem

121 729 345 769 no&urnam
371 733 408 770 in
434 735 605 782 templo,
633 735 683 772 cf.
709 736 774 772 Sb.
800 735 879 772 lnd.
902 738 982 775 Lat.
1005 750 1041 773 ν.
1062 735 1249 787 Aesculap.
1276 737 1356 779 „de
1375 737 1603 774 incubatione
1622 736 1666 774 in

122 782 270 828 templo
289 782 501 833 Aesculapii
524 783 699 823 meminit
719 785 834 823 etiam
856 787 990 825 Strabo
1008 800 1048 825 et
1067 787 1256 826 Plautusct
1275 788 1322 824 G.
1335 787 1411 834 Th.
1429 799 1466 822 v.
1481 788 1667 830 incubare,

119 830 251 881 Heyn.
273 833 317 871 ad
343 833 447 884 Virg.
471 837 515 872 A.
530 847 567 880 7,
590 845 650 880 ες.
671 849 758 873 cum
779 837 943 884 Dempst.
971 836 1016 874 ad
1036 837 1158 876 Rosin.
1181 851 1218 886 p.
1242 846 1301 881 87.
1323 837 1359 874 b.
1381 849 1432 874 m.
1457 849 1497 874 et
1517 836 1668 875 Gat.ad

112 884 216 921 Ant.
241 896 273 926 1,
301 897 354 929 ¹7·
377 897 409 920 e.
433 898 470 931 p.
493 895 552 932 34.
578 884 600 923 i.
627 892 725 934 παρὰ
743 894 809 925 τῶν
828 890 933 929 θεῶν,
962 888 1039 925 deis
1064 888 1361 939 acceptumfer0‚
1379 907 1420 916 —-
1445 884 1487 926 τδ
1508 886 1549 926 δι’
1579 888 1669 925 ὄνει-

121 939 234 989 ςάτωγ
264 932 476 981 βοηθιίματα
498 937 637 979 δοθῆναι
651 963 663 980 ‚
684 939 780 986 quod
795 950 860 986 per
882 936 1055 988 infhmnia
1075 939 1239 975 remedia
1258 938 1347 974 mihi
1363 936 1511 976 fuerint
1530 937 1670 989 indicae

122 993 187 1025 ta,
214 996 256 1022 rt.
280 997 314 1029 9,
338 998 393 1029 27.
422 994 480 1024 καὶ
507 992 539 1024 οἱ
560 989 634 1026 θεοὶ
665 991 701 1026 δὲ
731 993 899 1031 παντοίως
920 991 1038 1031 αὐτοῖς
1066 990 1232 1035 βοηθοῦσι
1251 992 1290 1028 δι’
1319 987 1473 1036 ὀνείρων,
1502 991 1558 1026 διὰ
1584 1003 1671 1033 μαν-

120 1040 240 1077 τειῶν,
264 1035 310 1071 ad
330 1047 424 1084 quae
444 1050 491 1075 ex
512 1038 604 1075 edit.
625 1037 694 1075 alia
720 1037 934 1086 scripseram
951 1038 1044 1076 olim
1069 1042 1218 1077 Annot.
1238 1040 1371 1078 Dacer.
1405 1050 1441 1085 p.
1463 1038 1528 1075 V1.
1556 1051 1590 1075 e.
1612 1037 1669 1086 sq.

121 1086 308 1125 „morbos
329 1107 366 1115 -
387 1085 534 1124 sanatos
562 1099 602 1125 et
624 1087 829 1126 medicinas
851 1087 1130 1127 dormientibus
1159 1102 1224 1138 per
1245 1087 1478 1125 insomnium
1501 1088 1668 1132 edoctas.

121 1133 163 1171 in
181 1147 351 1172 veterum
380 1136 529 1185 scriptis
548 1139 672 1185 paffim
699 1137 886 1180 enarrari.
914 1138 1002 1177 satis
1029 1135 1163 1189 liquet.
1190 1159 1231 1169 -
1282 1139 1388 1175 Hinc
1411 1137 1668 1186 pernoaatio-

122 1197 189 1221 nes
218 1184 304 1223 istae
333 1187 373 1223 in
397 1186 566 1226 delubris
592 1189 751 1230 deorum
769 1190 815 1227 ad
844 1189 1029 1237 captanda
1051 1188 1194 1226 somnia
1221 1187 1412 1238 profeftae
1435 1187 1545 1231 sunta
1573 1198 1669 1235 <1⁰³⁹

121 1234 242 1274 Esaias
262 1237 446 1283 propheta
470 1249 501 1273 c.
518 1241 578 1280 65.
598 1237 811 1275 idololatris
833 1238 872 1275 in
895 1240 1078 1287 probrum
1096 1239 1224 1277 vertit.
1251 1238 1310 1276 Isti
1331 1237 1473 1276 etenim
1494 1237 1594 1274 inter
1614 1237 1670 1276 se-

120 1286 280 1335 pulchra
304 1287 525 1329 manebant,
557 1299 597 1323 et
616 1288 656 1324 in
679 1287 779 1325 fanis
807 1288 937 1326 noetes
965 1290 1130 1339 agebant
1158 1300 1278 1331 totas,
1305 1287 1411 1337 quod
1436 1287 1553 1330 deos,
1586 1286 1671 1324 illic

119 1335 198 1373 Ioci
219 1335 430 1382 praesentes
453 1335 568 1386 magis
589 1348 626 1374 et
646 1337 838 1385 propitios
856 1338 932 1375 sese
954 1350 1202 1387 experturos,
1229 1338 1358 1375 omnia
1376 1349 1474 1386 que,
1500 1348 1670 1385 quorum

121 1384 200 1423 fieri
220 1386 404 1423 certiores
426 1399 469 1423 ex
489 1386 559 1424 usu
578 1386 625 1423 iis
649 1398 742 1429 erat,
772 1388 1003 1426 cumulatius
1027 1389 1078 1426 ibi
1099 1387 1336 1436 impertitum
1355 1387 1416 1428 iri.
1441 1387 1669 1436 sperabant«

123 1446 164 1473 et
186 1447 205 1471 e
237 1448 273 1483 p.
298 1449 377 1480 ¹92·
403 1436 437 1474 b.
457 1435 481 1472 i.
533 1437 852 1485 2‚Aesculapium,
877 1437 1088 1475 medicinae
1117 1437 1322 1486 praesidem
1343 1437 1482 1480 deum,
1509 1448 1575 1485 per
1603 1436 1669 1473 in-

121 1485 268 1524 somnia
287 1485 496 1523 remedium
511 1485 575 1523 sibi
596 1486 794 1537 suggerere
814 1487 1073 1535 opinabatur«
1092 1487 1142 1526 cf.
1155 1487 1236 1526 Cic.
1246 1487 1293 1524 de
1313 1486 1432 1525 divin.
1445 1498 1548 1535 2,59.
1570 1499 1604 1524 e.
1617 1500 1667 1527 an

119 1535 380 1581 Aesculapius,
405 1549 454 1572 an
473 1536 622 1584 Serapis
634 1537 746 1588 potest
764 1537 876 1575 nobis
885 1538 1134 1587 praescribere
1153 1550 1219 1586 per
1233 1535 1410 1586 somnium
1429 1535 1671 1576 curationem

121 1587 348 1625 valetudinis
359 1588 375 1621 ?
387 1585 645 1623 it.Arist.P1ur.
655 1599 690 1623 v.
704 1599 747 1632 41
759 1590 876 1625 πώεα.
889 1588 970 1636 sqq.
982 1587 1151 1636 634.sqq.
1164 1592 1248 1633 653.
1259 1586 1467 1636 sqq.usque
1478 1586 1570 1622 adv.
1581 1598 1670 1633 747.

122 1635 166 1673 it.
189 1637 409 1684 nuperrime
435 1636 675 1685 Kinderlings
702 1638 1038 1675 Somnambulismus
1059 1635 1187 1688 unsrer
1204 1637 1311 1679 Zeit,
1336 1636 1406 1673 mit
1433 1637 1502 1672 cler
1517 1637 1673 1675 Incuba-

121 1687 202 1724 tion
220 1688 275 1722 od.
295 1688 372 1723 dem
391 1684 658 1736 Terrrpefihlaf
673 1688 750 1724 und
767 1686 1148 1737 Weiſsagungstraum
1166 1689 1232 1724 der
1249 1688 1349 1724 alten
1368 1686 1507 1723 Heiden
1525 1687 1565 1722 in
1584 1688 1673 1723 Ver-

115 1737 311 1789 gleichung
331 1735 489 1789 gestellt,
512 1744 546 1778 8.
569 1746 626 1782 89.
678 1737 877 1775 Caeterum
897 1739 938 1774 in
963 1738 1037 1776 Ms.
1059 1740 1095 1778 δὲ
1116 1750 1185 1786 pro
1212 1741 1272 1780 δὴ,
1296 1747 1340 1774 ut
1363 1733 1475 1777 alibi,
1502 1735 1553 1773 cf.
1574 1750 1611 1782 4,
1633 1746 1673 1784 3,

126 1798 206 1831 19..
243 1788 365 1874 qupd1
380 1787 486 1824 forte
516 1789 554 1824 Ρ.
577 1785 735 1832 habuit,
759 1788 850 1837 quia
878 1786 968 1826 arias
1003 1790 1041 1829 δὲ
1069 1801 1156 1826 cum
1183 1787 1252 1825 alia
1282 1798 1379 1825 voce
1407 1785 1602 1824 contrahit
1627 1787 1675 1827 iu

152 1849 237 1875 ron.
258 1849 296 1874 re
317 1864 325 1873 .
370 1848 419 1872 at.

125 1850 148 1886 p
170 1892 218 1930 εἰς
234 1884 320 1934 Ἦ.)
348 1885 566 1923 Extiterunt
583 1897 674 1936 ergo
693 1897 733 1925 et
750 1884 824 1925 ho'c
842 1897 1020 1936 tempore
1037 1887 1220 1936 quaedam
1241 1884 1384 1923 veteris
1401 1883 1543 1923 Troiae
1562 1884 1673 1925 vesti.

125 1937 209 1985 gia,
237 1949 334 1986 quae
354 1948 482 1974 tamen
504 1933 579 1973 iarn
599 1935 660 1974 sua
682 1948 806 1974 aetate
826 1936 987 1975 extitisse
999 1947 1116 1986 negat
1138 1938 1273 1975 Strabo
1294 1937 1392 1973 XIII.
1411 1947 1449 1985 p.
1469 1946 1556 1983 407.
1574 1934 1672 1983 1239.

124 1989 200 2029 Νῦν
227 1993 289 2032 μὲν
308 1991 400 2032 γᾶς,
428 1986 574 2033 inquit,
608 1987 674 2024 οὐδ’
704 1990 801 2034 ἴχνος
826 1983 959 2030 πόλεως
987 1983 1139 2035 σώζεται
1171 1983 1312 2025 αὐτόθι.
1341 2005 1381 2017 -
1433 1984 1509 2023 Sed
1536 1986 1673 2024 Strabo

127 2036 331 2075 discrimen
357 2035 449 2073 facit
478 2036 578 2074 inter
601 2048 768 2075 veterem
791 2048 831 2075 et
848 2037 1100 2075 recentiorem
1116 2036 1274 2074 Troiam
1289 2059 1299 2076 ‚
1325 2035 1401 2072 alio
1422 2035 1529 2077 loco,
1556 2047 1672 2083 quarn

127 2097 237 2124 vetus
258 2087 345 2130 illa,
373 2086 579 2124 conditam.
633 2088 694 2124 De
715 2087 942 2125 recentioris
961 2086 1106 2125 Troiae
1137 2085 1307 2135 reliquiis
1343 2097 1392 2122 an
1426 2084 1673 2125 Herodianus

126 2135 172 2174 fit
199 2136 466 2185 accipiendus,
494 2137 716 2175 videndum.
740 2159 782 2167 -
831 2137 1012 2175 Genuina
1030 2136 1104 2174 effe
1126 2137 1266 2174 veteris
1286 2135 1430 2173 Troiae
1456 2136 1673 2173 monimen-

128 2198 190 2225 ta,
216 2186 468 2224 demonstrare
499 2198 657 2225 conatur
674 2186 908 2225 Theodorus
933 2185 1103 2239 Ryckius
1131 2187 1171 2224 in
1199 2185 1275 2222 diff.
1301 2186 1348 2223 de
1378 2184 1511 2232 primis
1544 2185 1672 2228 Italiae

129 2237 281 2274 colonis
309 2248 343 2272 c.
362 2248 398 2281 9.
450 2235 651 2274 Destruere
672 2238 754 2275 eius
774 2249 993 2288 argumenta
1016 2247 1057 2275 et
1077 2247 1250 2274 evertere
1276 2234 1401 2272 studet
1424 2234 1599 2272 Struvius
1629 2235 1672 2275 in

131 2287 224 2325 Obs-
249 2286 296 2323 de
316 2286 574 2333 Scriptoribus
592 2286 771 2325 Troianis
794 2288 874 2335 post
894 2289 1106 2325 Homerum
1134 2286 1169 2335 §.
1197 2298 1253 2322 10.
1281 2297 1376 2333 quae
1398 2284 1536 2334 legitur
1557 2283 1673 2324 inser·

132 2346 170 2374 ta
189 2336 281 2376 Obs.
298 2335 384 2373 Hal.
403 2337 450 2372 T.
465 2347 499 2384 3.
521 2348 559 2384 p.
584 2346 642 2383 33.
666 2336 715 2374 cf.
735 2349 776 2374 et
793 2336 1026 2386 Nieupoort.
1047 2337 1086 2374 in
1108 2335 1203 2373 Hist.
1223 2336 1331 2373 Rom.
1350 2334 1464 2382 praef.
1484 2333 1671 2374 Herodia-

131 2398 206 2424 nus
226 2386 376 2423 videtur
394 2398 530 2423 novam
552 2387 709 2423 Troiam
735 2400 802 2433 pro
820 2399 948 2425 vetere
970 2386 1162 2435 accipere,
1187 2385 1404 2432 exemplum
1427 2384 1590 2432 ipsorum
1610 2382 1673 2420 ni-

133 2435 278 2474 enfium
307 2435 464 2472 secutus.
515 2435 577 2473 Sic
595 2436 758 2475 Achiuis
782 2436 997 2486 sepulcrum
1014 2437 1117 2475 forte
1143 2448 1212 2486 pro
1233 2446 1454 2473 commento
1479 2432 1671 2474 niensium

130 2485 359 2523 habendum.
390 2485 508 2522 Leisn.

234 2536 464 2574 Hauddubie
493 2536 540 2572 de
565 2534 726 2574 secunda
756 2536 873 2574 Troia
901 2535 1024 2574 sermo
1058 2535 1120 2572 hic
1145 2534 1220 2578 est,
1254 2546 1470 2583 quanquam
1497 2532 1670 2582 sequitur

132 2585 275 2634 aliquid
296 2585 343 2622 de
362 2586 521 2624 Achillis
543 2584 734 2633 sepulcm,
761 2587 824 2625 sed
845 2598 889 2624 ut
910 2585 1163 2624 recentiorum
1178 2609 1189 2625 ‚
1214 2584 1364 2633 opinor,
1389 2583 1588 2632 figmento,
1618 2584 1670 2624 cf,

132 2638 262 2684 Heyn.
285 2635 377 2672 Hist.
401 2650 433 2680 2,
457 2650 535 2684 ¹¹9·
556 2649 587 2672 e.
608 2636 660 2684 sq.
681 2635 761 2683 (ubi
782 2652 816 2682 4,
832 2641 939 2673 1061.
955 2650 1003 2672 m.
1020 2649 1080 2672 res
1100 2634 1224 2673 Nostri
1245 2644 1454 2689 tanguntur
1475 2632 1670 2678 breviter2)

134 2698 220 2723 curn
241 2685 334 2722 Cen.
361 2699 397 2723 n.
422 2701 458 2722 o.
483 2699 512 2722 a.
538 2700 572 2729 ε’,
592 2699 654 2731 45.
671 2699 720 2722 m.
737 2710 748 2727 ,
774 2687 956 2735 sequente
976 2686 1113 2723 Nostro
1140 2685 1279 2722 iterum
1307 2687 1444 2720 ramam
1465 2685 1668 2733 vulgarem,

135 2737 172 2773 Ρ.
191 2747 316 2773 autem
343 2738 406 2785 Bg.
427 2737 468 2774 in
495 2741 556 2781 δὲ,
588 2735 649 2772 sed
678 2749 743 2784 per
764 2737 847 2776 Latj
867 2736 947 2784 syn.
969 2734 1083 2771 modo
1111 2734 1153 2772 in
1180 2747 1216 2770 -ν,
1236 2736 1355 2773 {or-sa&
1371 2759 1382 2775 ,
1407 2731 1455 2769 cf.
1483 2745 1516 2781 3,
1542 2746 1599 2778 10,
1623 2748 1669 2777 2„

135 2798 212 2835 quo
235 2787 275 2824 in
294 2800 330 2823 v.
351 2799 434 2824 cum
453 2792 545 2831 λειψ.
566 2785 736 2835 analogia
759 2797 908 2824 tantum
928 2785 1001 2828 est,
1023 2796 1068 2822 ut
1084 2785 1126 2822 in
1153 2790 1246 2829 λειψ.
1270 2795 1358 2821 cum
1377 2793 1465 2832 gen.
1489 2795 1571 2823 πολ.
