<?xml version="1.0" encoding="UTF-8"?>
<!DOCTYPE html PUBLIC "-//W3C//DTD XHTML 1.0 Transitional//EN"
    "http://www.w3.org/TR/xhtml1/DTD/xhtml1-transitional.dtd">
<html xmlns="http://www.w3.org/1999/xhtml" xml:lang="en" lang="en">
 <head>
  <title>
</title>
<meta http-equiv="Content-Type" content="text/html;charset=utf-8" />
  <meta name='ocr-system' content='tesseract 3.04.00' />
  <meta name='ocr-capabilities' content='ocr_page ocr_carea ocr_par ocr_line ocrx_word'/>
</head>
<body>
  <div class='ocr_page' id='page_1' title='image "./historiarumlibri02hero/historiarumlibri02hero_0270.png"; bbox 0 0 1722 3086; ppageno 0'>
   <div class='ocr_carea' id='block_1_1' title="bbox 144 0 1719 243">
    <p class='ocr_par' dir='ltr' id='par_1_1' title="bbox 144 0 1719 243">
     <span class='ocr_line' id='line_1_1' title="bbox 1706 0 1710 35; baseline 0 0"><span class='ocrx_word' id='word_1_1' title='bbox 1706 0 1710 35; x_wconf 84' lang='grc' dir='ltr'>Ι</span> 
     </span>
     <span class='ocr_line' id='line_1_2' title="bbox 144 0 1719 243; baseline 0.006 -107"><span class='ocrx_word' id='word_1_2' title='bbox 144 98 246 142; x_wconf 74' lang='lat'>218</span> <span class='ocrx_word' id='word_1_3' title='bbox 291 92 531 138; x_wconf 85' lang='lat' dir='ltr'><strong>LIBERII.</strong></span> <span class='ocrx_word' id='word_1_4' title='bbox 574 92 700 139; x_wconf 88' lang='lat' dir='ltr'>CAP.</span> <span class='ocrx_word' id='word_1_5' title='bbox 715 93 816 138; x_wconf 85' lang='lat' dir='ltr'>VII.</span> <span class='ocrx_word' id='word_1_6' title='bbox 857 93 911 139; x_wconf 85' lang='lat' dir='ltr'>A.</span> <span class='ocrx_word' id='word_1_7' title='bbox 931 94 988 139; x_wconf 88' lang='lat' dir='ltr'>V.</span> <span class='ocrx_word' id='word_1_8' title='bbox 1014 95 1063 141; x_wconf 89' lang='lat' dir='ltr'>C.</span> <span class='ocrx_word' id='word_1_9' title='bbox 1091 93 1213 151; x_wconf 87' lang='lat'><strong>946.</strong></span> <span class='ocrx_word' id='word_1_10' title='bbox 1248 96 1605 156; x_wconf 82' lang='lat' dir='ltr'>CHR.N.193.</span> <span class='ocrx_word' id='word_1_11' title='bbox 1704 0 1719 243; x_wconf 39' lang='lat' dir='ltr'>ki</span> 
     </span>
    </p>
   </div>
   <div class='ocr_carea' id='block_1_2' title="bbox 135 205 1705 434">
    <p class='ocr_par' dir='ltr' id='par_1_2' title="bbox 135 205 1705 434">
     <span class='ocr_line' id='line_1_3' title="bbox 136 205 1705 280; baseline 0.008 -24"><span class='ocrx_word' id='word_1_12' title='bbox 136 209 341 260; x_wconf 69' lang='grc' dir='ltr'><em>Φοινίκων</em></span> <span class='ocrx_word' id='word_1_13' title='bbox 386 205 541 262; x_wconf 71' lang='grc' dir='ltr'><em>ἔθνους</em></span> <span class='ocrx_word' id='word_1_14' title='bbox 581 205 751 262; x_wconf 71' lang='grc' dir='ltr'><em>παντὸς</em></span> <span class='ocrx_word' id='word_1_15' title='bbox 802 207 880 258; x_wconf 70' lang='grc' dir='ltr'>καὶ</span> <span class='ocrx_word' id='word_1_16' title='bbox 920 210 1021 262; x_wconf 83' lang='lat' dir='ltr'>licet</span> <span class='ocrx_word' id='word_1_17' title='bbox 1042 214 1315 264; x_wconf 81' lang='lat' dir='ltr'>Phoenicum</span> <span class='ocrx_word' id='word_1_18' title='bbox 1339 222 1659 280; x_wconf 63' lang='lat' dir='ltr'>genteunivere</span> <span class='ocrx_word' id='word_1_19' title='bbox 1704 244 1705 278; x_wconf 65' lang='grc' dir='ltr'>ς</span> 
     </span>
     <span class='ocr_line' id='line_1_4' title="bbox 136 281 1705 362; baseline 0.008 -30"><span class='ocrx_word' id='word_1_20' title='bbox 136 289 213 340; x_wconf 82' lang='grc' dir='ltr'>τῆς</span> <span class='ocrx_word' id='word_1_21' title='bbox 232 283 386 353; x_wconf 68' lang='grc' dir='ltr'><strong><em>μέχςις</em></strong></span> <span class='ocrx_word' id='word_1_22' title='bbox 407 282 654 353; x_wconf 68' lang='grc' dir='ltr'><em>Εύφςοίτου</em></span> <span class='ocrx_word' id='word_1_23' title='bbox 675 286 758 350; x_wconf 62' lang='grc' dir='ltr'><em>’γῆς</em></span> <span class='ocrx_word' id='word_1_24' title='bbox 788 281 879 336; x_wconf 71' lang='grc' dir='ltr'>ὑπὸ</span> <span class='ocrx_word' id='word_1_25' title='bbox 908 285 975 348; x_wconf 79' lang='lat' dir='ltr'>sa,</span> <span class='ocrx_word' id='word_1_26' title='bbox 999 302 1044 339; x_wconf 82' lang='lat' dir='ltr'>et</span> <span class='ocrx_word' id='word_1_27' title='bbox 1062 295 1198 347; x_wconf 89' lang='lat' dir='ltr'>omni,</span> <span class='ocrx_word' id='word_1_28' title='bbox 1221 310 1361 357; x_wconf 89' lang='lat' dir='ltr'>usque</span> <span class='ocrx_word' id='word_1_29' title='bbox 1381 296 1434 343; x_wconf 84' lang='lat' dir='ltr'>ad</span> <span class='ocrx_word' id='word_1_30' title='bbox 1446 298 1655 362; x_wconf 81' lang='lat' dir='ltr'>Euphra-</span> <span class='ocrx_word' id='word_1_31' title='bbox 1704 287 1705 301; x_wconf 44' lang='lat'>¹</span> 
     </span>
     <span class='ocr_line' id='line_1_5' title="bbox 135 358 1654 434; baseline 0.009 -27"><span class='ocrx_word' id='word_1_32' title='bbox 135 362 190 430; x_wconf 67' lang='grc' dir='ltr'>τῇ</span> <span class='ocrx_word' id='word_1_33' title='bbox 233 363 403 431; x_wconf 68' lang='grc' dir='ltr'><em>Νίγςου</em></span> <span class='ocrx_word' id='word_1_34' title='bbox 445 358 573 411; x_wconf 65' lang='grc' dir='ltr'><strong><em>ὄντων</em></strong></span> <span class='ocrx_word' id='word_1_35' title='bbox 611 367 632 394; x_wconf 75' lang='grc' dir='ltr'>Ρ</span> <span class='ocrx_word' id='word_1_36' title='bbox 677 361 879 431; x_wconf 73' lang='grc' dir='ltr'>ἐξουσίᾳ.</span> <span class='ocrx_word' id='word_1_37' title='bbox 921 377 1011 416; x_wconf 86' lang='lat' dir='ltr'>tem</span> <span class='ocrx_word' id='word_1_38' title='bbox 1053 371 1240 434; x_wconf 80' lang='lat' dir='ltr'>regione</span> <span class='ocrx_word' id='word_1_39' title='bbox 1270 373 1407 434; x_wconf 88' lang='lat' dir='ltr'>Nigri</span> <span class='ocrx_word' id='word_1_40' title='bbox 1452 371 1654 421; x_wconf 73' lang='lat' dir='ltr'>subieffls</span> 
     </span>
    </p>
   </div>
   <div class='ocr_carea' id='block_1_3' title="bbox 1682 232 1722 2933">
    <p class='ocr_par' dir='ltr' id='par_1_3' title="bbox 1682 232 1722 2933">
     <span class='ocr_line' id='line_1_6' title="bbox 1682 232 1722 2933; baseline 0 0"><span class='ocrx_word' id='word_1_41' title='bbox 1682 232 1722 2933; x_wconf 95' lang='lat' dir='ltr'> </span> 
     </span>
    </p>
   </div>
   <div class='ocr_carea' id='block_1_4' title="bbox 224 491 655 537">
    <p class='ocr_par' dir='ltr' id='par_1_4' title="bbox 224 491 655 537">
     <span class='ocr_line' id='line_1_7' title="bbox 224 491 655 537; baseline 0 -12"><span class='ocrx_word' id='word_1_42' title='bbox 224 493 264 537; x_wconf 82' lang='lat' dir='ltr'>p)</span> <span class='ocrx_word' id='word_1_43' title='bbox 290 492 353 525; x_wconf 84' lang='lat' dir='ltr'>Ms.</span> <span class='ocrx_word' id='word_1_44' title='bbox 372 491 426 526; x_wconf 84' lang='lat' dir='ltr'>Vi.</span> <span class='ocrx_word' id='word_1_45' title='bbox 447 494 529 527; x_wconf 64' lang='grc' dir='ltr'>’ὄννως</span> <span class='ocrx_word' id='word_1_46' title='bbox 552 501 588 526; x_wconf 70' lang='grc' dir='ltr'>ν.</span> <span class='ocrx_word' id='word_1_47' title='bbox 607 492 655 527; x_wconf 84' lang='grc' dir='ltr'>Ν.</span> 
     </span>
    </p>
   </div>
   <div class='ocr_carea' id='block_1_5' title="bbox 126 604 1722 2787">
    <p class='ocr_par' dir='ltr' id='par_1_5' title="bbox 126 604 1722 2787">
     <span class='ocr_line' id='line_1_8' title="bbox 133 604 1657 656; baseline 0.003 -14"><span class='ocrx_word' id='word_1_48' title='bbox 133 604 193 643; x_wconf 82' lang='lat' dir='ltr'>cui</span> <span class='ocrx_word' id='word_1_49' title='bbox 217 617 238 642; x_wconf 88' lang='lat' dir='ltr'>e</span> <span class='ocrx_word' id='word_1_50' title='bbox 259 604 382 643; x_wconf 87' lang='lat' dir='ltr'>Nostri</span> <span class='ocrx_word' id='word_1_51' title='bbox 401 605 576 643; x_wconf 85' lang='lat' dir='ltr'>hocloco</span> <span class='ocrx_word' id='word_1_52' title='bbox 595 604 783 644; x_wconf 73' lang='lat' dir='ltr'>addideris</span> <span class='ocrx_word' id='word_1_53' title='bbox 804 605 927 649; x_wconf 86' lang='lat' dir='ltr'>forte,</span> <span class='ocrx_word' id='word_1_54' title='bbox 962 606 1035 645; x_wconf 80' lang='lat' dir='ltr'>hoc</span> <span class='ocrx_word' id='word_1_55' title='bbox 1051 617 1221 656; x_wconf 83' lang='lat' dir='ltr'>ternpore</span> <span class='ocrx_word' id='word_1_56' title='bbox 1251 608 1387 647; x_wconf 87' lang='lat' dir='ltr'>iterum</span> <span class='ocrx_word' id='word_1_57' title='bbox 1410 608 1516 647; x_wconf 80' lang='lat' dir='ltr'>aliam</span> <span class='ocrx_word' id='word_1_58' title='bbox 1547 608 1657 648; x_wconf 76' lang='lat' dir='ltr'>fuiss&#39;e</span> 
     </span>
     <span class='ocr_line' id='line_1_9' title="bbox 132 655 1655 709; baseline 0.002 -16"><span class='ocrx_word' id='word_1_59' title='bbox 132 655 267 693; x_wconf 83' lang='lat' dir='ltr'>finium</span> <span class='ocrx_word' id='word_1_60' title='bbox 289 656 393 692; x_wconf 82' lang='lat' dir='ltr'>Rom.</span> <span class='ocrx_word' id='word_1_61' title='bbox 415 655 571 699; x_wconf 83' lang='lat' dir='ltr'>faciem,</span> <span class='ocrx_word' id='word_1_62' title='bbox 606 667 650 693; x_wconf 90' lang='lat' dir='ltr'>ut</span> <span class='ocrx_word' id='word_1_63' title='bbox 670 657 906 705; x_wconf 83' lang='lat' dir='ltr'>pertinerent</span> <span class='ocrx_word' id='word_1_64' title='bbox 927 658 1043 695; x_wconf 90' lang='lat' dir='ltr'>modo</span> <span class='ocrx_word' id='word_1_65' title='bbox 1064 661 1108 696; x_wconf 83' lang='lat' dir='ltr'>ad</span> <span class='ocrx_word' id='word_1_66' title='bbox 1129 660 1354 706; x_wconf 79' lang='lat' dir='ltr'>Euphratem</span> <span class='ocrx_word' id='word_1_67' title='bbox 1375 671 1516 709; x_wconf 85' lang='lat' dir='ltr'>usque;</span> <span class='ocrx_word' id='word_1_68' title='bbox 1552 661 1655 696; x_wconf 80' lang='lat' dir='ltr'>unde</span> 
     </span>
     <span class='ocr_line' id='line_1_10' title="bbox 133 703 1657 757; baseline 0.003 -16"><span class='ocrx_word' id='word_1_69' title='bbox 133 716 176 742; x_wconf 88' lang='lat' dir='ltr'>et</span> <span class='ocrx_word' id='word_1_70' title='bbox 195 703 325 755; x_wconf 83' lang='lat' dir='ltr'>Syriae</span> <span class='ocrx_word' id='word_1_71' title='bbox 347 705 488 754; x_wconf 83' lang='lat' dir='ltr'>praeses</span> <span class='ocrx_word' id='word_1_72' title='bbox 511 706 686 744; x_wconf 74' lang='lat' dir='ltr'>hebuerit</span> <span class='ocrx_word' id='word_1_73' title='bbox 709 706 840 744; x_wconf 68' lang='lat' dir='ltr'>arstius</span> <span class='ocrx_word' id='word_1_74' title='bbox 868 708 1064 754; x_wconf 86' lang='lat' dir='ltr'>imperium</span> <span class='ocrx_word' id='word_1_75' title='bbox 1080 735 1090 749; x_wconf 83' lang='lat'>‚</span> <span class='ocrx_word' id='word_1_76' title='bbox 1132 721 1241 756; x_wconf 85' lang='lat' dir='ltr'>quam</span> <span class='ocrx_word' id='word_1_77' title='bbox 1263 709 1363 757; x_wconf 87' lang='lat' dir='ltr'>quod</span> <span class='ocrx_word' id='word_1_78' title='bbox 1383 711 1426 746; x_wconf 87' lang='lat' dir='ltr'>ab</span> <span class='ocrx_word' id='word_1_79' title='bbox 1451 709 1564 746; x_wconf 85' lang='lat' dir='ltr'>initio</span> <span class='ocrx_word' id='word_1_80' title='bbox 1589 722 1657 756; x_wconf 87' lang='lat' dir='ltr'>po-</span> 
     </span>
     <span class='ocr_line' id='line_1_11' title="bbox 131 755 1656 807; baseline 0.002 -15"><span class='ocrx_word' id='word_1_81' title='bbox 131 756 327 797; x_wconf 77' lang='lat' dir='ltr'>nebamus.</span> <span class='ocrx_word' id='word_1_82' title='bbox 348 755 397 792; x_wconf 89' lang='lat' dir='ltr'>cf.</span> <span class='ocrx_word' id='word_1_83' title='bbox 412 767 536 794; x_wconf 84' lang='lat' dir='ltr'>tamen</span> <span class='ocrx_word' id='word_1_84' title='bbox 554 768 632 803; x_wconf 86' lang='lat' dir='ltr'>cap.</span> <span class='ocrx_word' id='word_1_85' title='bbox 656 756 708 802; x_wconf 85' lang='lat' dir='ltr'>sq.</span> <span class='ocrx_word' id='word_1_86' title='bbox 728 757 830 806; x_wconf 78' lang='lat'>§.12.</span> <span class='ocrx_word' id='word_1_87' title='bbox 851 756 898 804; x_wconf 90' lang='lat' dir='ltr'>sq.</span> <span class='ocrx_word' id='word_1_88' title='bbox 912 783 922 799; x_wconf 88' lang='lat'><strong>,</strong></span> <span class='ocrx_word' id='word_1_89' title='bbox 951 757 1055 804; x_wconf 77' lang='lat' dir='ltr'>super</span> <span class='ocrx_word' id='word_1_90' title='bbox 1070 759 1194 807; x_wconf 61' lang='lat' dir='ltr'>&lt;yriae</span> <span class='ocrx_word' id='word_1_91' title='bbox 1213 758 1364 806; x_wconf 86' lang='lat' dir='ltr'>quidem</span> <span class='ocrx_word' id='word_1_92' title='bbox 1379 758 1521 796; x_wconf 83' lang='lat' dir='ltr'>ambitu</span> <span class='ocrx_word' id='word_1_93' title='bbox 1544 771 1656 806; x_wconf 79' lang='lat' dir='ltr'>quae·-</span> 
     </span>
     <span class='ocr_line' id='line_1_12' title="bbox 131 805 1722 856; baseline 0.001 -14"><span class='ocrx_word' id='word_1_94' title='bbox 131 807 216 842; x_wconf 80' lang='lat' dir='ltr'>dam</span> <span class='ocrx_word' id='word_1_95' title='bbox 247 815 404 843; x_wconf 88' lang='lat' dir='ltr'>tenente</span> <span class='ocrx_word' id='word_1_96' title='bbox 432 805 544 843; x_wconf 88' lang='lat' dir='ltr'>etiam</span> <span class='ocrx_word' id='word_1_97' title='bbox 575 807 621 842; x_wconf 83' lang='lat' dir='ltr'>G.</span> <span class='ocrx_word' id='word_1_98' title='bbox 645 806 744 847; x_wconf 78' lang='lat' dir='ltr'><strong>Th..</strong></span> <span class='ocrx_word' id='word_1_99' title='bbox 788 805 849 844; x_wconf 88' lang='lat' dir='ltr'>sed</span> <span class='ocrx_word' id='word_1_100' title='bbox 876 808 978 855; x_wconf 85' lang='lat' dir='ltr'>plura</span> <span class='ocrx_word' id='word_1_101' title='bbox 1010 808 1104 844; x_wconf 72' lang='lat' dir='ltr'>Cen.</span> <span class='ocrx_word' id='word_1_102' title='bbox 1130 808 1219 844; x_wconf 81' lang='lat' dir='ltr'>Not.</span> <span class='ocrx_word' id='word_1_103' title='bbox 1239 822 1273 844; x_wconf 90' lang='lat' dir='ltr'>o.</span> <span class='ocrx_word' id='word_1_104' title='bbox 1295 821 1326 844; x_wconf 87' lang='lat' dir='ltr'>a.</span> <span class='ocrx_word' id='word_1_105' title='bbox 1353 820 1384 847; x_wconf 75' lang='grc' dir='ltr'>ι,</span> <span class='ocrx_word' id='word_1_106' title='bbox 1407 817 1488 855; x_wconf 82' lang='lat'><em>335.</em></span> <span class='ocrx_word' id='word_1_107' title='bbox 1506 820 1537 844; x_wconf 89' lang='lat' dir='ltr'>e.</span> <span class='ocrx_word' id='word_1_108' title='bbox 1559 809 1655 856; x_wconf 83' lang='lat' dir='ltr'>sqq..</span> <span class='ocrx_word' id='word_1_109' title='bbox 1720 824 1722 848; x_wconf 84' lang='grc'><strong>;</strong></span> 
     </span>
     <span class='ocr_line' id='line_1_13' title="bbox 132 854 1722 906; baseline 0.001 -14"><span class='ocrx_word' id='word_1_110' title='bbox 132 855 192 892; x_wconf 79' lang='lat' dir='ltr'>hic</span> <span class='ocrx_word' id='word_1_111' title='bbox 211 866 256 892; x_wconf 90' lang='lat' dir='ltr'>ut</span> <span class='ocrx_word' id='word_1_112' title='bbox 272 860 389 901; x_wconf 68' lang='grc' dir='ltr'><strong><em>ἁρχὴ,</em></strong></span> <span class='ocrx_word' id='word_1_113' title='bbox 419 856 642 894; x_wconf 81' lang='lat' dir='ltr'>vocabulum</span> <span class='ocrx_word' id='word_1_114' title='bbox 663 856 833 904; x_wconf 73' lang='lat' dir='ltr'>generiS,</span> <span class='ocrx_word' id='word_1_115' title='bbox 868 856 1025 905; x_wconf 73' lang='lat' dir='ltr'>positum</span> <span class='ocrx_word' id='word_1_116' title='bbox 1049 857 1150 894; x_wconf 80' lang='lat' dir='ltr'>sensu</span> <span class='ocrx_word' id='word_1_117' title='bbox 1172 857 1393 906; x_wconf 73' lang='lat' dir='ltr'>angustiori,</span> <span class='ocrx_word' id='word_1_118' title='bbox 1420 857 1510 894; x_wconf 86' lang='lat' dir='ltr'>sumi</span> <span class='ocrx_word' id='word_1_119' title='bbox 1532 857 1657 894; x_wconf 80' lang='lat' dir='ltr'>videa·</span> <span class='ocrx_word' id='word_1_120' title='bbox 1721 854 1722 863; x_wconf 53' lang='lat'>¹</span> 
     </span>
     <span class='ocr_line' id='line_1_14' title="bbox 131 904 1655 956; baseline 0.001 -14"><span class='ocrx_word' id='word_1_121' title='bbox 131 917 193 942; x_wconf 89' lang='lat' dir='ltr'>tur</span> <span class='ocrx_word' id='word_1_122' title='bbox 209 906 256 942; x_wconf 91' lang='lat' dir='ltr'>de</span> <span class='ocrx_word' id='word_1_123' title='bbox 272 905 450 952; x_wconf 82' lang='lat' dir='ltr'>potestate</span> <span class='ocrx_word' id='word_1_124' title='bbox 473 906 532 942; x_wconf 82' lang='lat' dir='ltr'>vel</span> <span class='ocrx_word' id='word_1_125' title='bbox 553 905 748 954; x_wconf 80' lang='lat' dir='ltr'>dignitate,</span> <span class='ocrx_word' id='word_1_126' title='bbox 772 908 873 950; x_wconf 84' lang='lat' dir='ltr'>(cum</span> <span class='ocrx_word' id='word_1_127' title='bbox 897 909 933 943; x_wconf 78' lang='lat' dir='ltr'>P.</span> <span class='ocrx_word' id='word_1_128' title='bbox 953 907 1014 956; x_wconf 86' lang='lat' dir='ltr'>qui</span> <span class='ocrx_word' id='word_1_129' title='bbox 1030 908 1151 949; x_wconf 81' lang='lat' dir='ltr'>honos,</span> <span class='ocrx_word' id='word_1_130' title='bbox 1181 921 1224 944; x_wconf 82' lang='lat' dir='ltr'>ex</span> <span class='ocrx_word' id='word_1_131' title='bbox 1247 906 1416 955; x_wconf 83' lang='lat' dir='ltr'>suppleto</span> <span class='ocrx_word' id='word_1_132' title='bbox 1430 904 1655 954; x_wconf 52' lang='lat' dir='ltr'>pronmi‘irn,</span> 
     </span>
     <span class='ocr_line' id='line_1_15' title="bbox 130 955 1656 1004; baseline 0 -11"><span class='ocrx_word' id='word_1_133' title='bbox 130 966 169 993; x_wconf 80' lang='lat' dir='ltr'>et</span> <span class='ocrx_word' id='word_1_134' title='bbox 187 955 261 991; x_wconf 82' lang='lat' dir='ltr'>hoc</span> <span class='ocrx_word' id='word_1_135' title='bbox 280 967 386 1002; x_wconf 86' lang='lat' dir='ltr'>pron.</span> <span class='ocrx_word' id='word_1_136' title='bbox 411 955 609 992; x_wconf 87' lang='lat' dir='ltr'>demonstr.</span> <span class='ocrx_word' id='word_1_137' title='bbox 626 967 771 993; x_wconf 84' lang='lat' dir='ltr'>mutato</span> <span class='ocrx_word' id='word_1_138' title='bbox 791 955 831 992; x_wconf 87' lang='lat' dir='ltr'>in</span> <span class='ocrx_word' id='word_1_139' title='bbox 845 956 1071 998; x_wconf 61' lang='lat' dir='ltr'>relativum)</span> <span class='ocrx_word' id='word_1_140' title='bbox 1101 970 1172 993; x_wconf 89' lang='lat' dir='ltr'>nec</span> <span class='ocrx_word' id='word_1_141' title='bbox 1194 970 1267 994; x_wconf 86' lang='lat' dir='ltr'>tam</span> <span class='ocrx_word' id='word_1_142' title='bbox 1290 957 1392 994; x_wconf 85' lang='lat' dir='ltr'>reddi</span> <span class='ocrx_word' id='word_1_143' title='bbox 1425 956 1559 994; x_wconf 85' lang='lat' dir='ltr'>debeat</span> <span class='ocrx_word' id='word_1_144' title='bbox 1591 968 1656 1004; x_wconf 78' lang='lat' dir='ltr'>per</span> 
     </span>
     <span class='ocr_line' id='line_1_16' title="bbox 132 1004 1722 1054; baseline 0.001 -14"><span class='ocrx_word' id='word_1_145' title='bbox 132 1005 212 1041; x_wconf 79' lang='lat' dir='ltr'>Lat.</span> <span class='ocrx_word' id='word_1_146' title='bbox 233 1006 296 1054; x_wconf 79' lang='lat' dir='ltr'>Bg.</span> <span class='ocrx_word' id='word_1_147' title='bbox 310 1028 321 1046; x_wconf 90' lang='lat'><em>,</em></span> <span class='ocrx_word' id='word_1_148' title='bbox 355 1004 438 1050; x_wconf 72' lang='lat' dir='ltr'>(nisi</span> <span class='ocrx_word' id='word_1_149' title='bbox 457 1006 601 1053; x_wconf 86' lang='lat' dir='ltr'>ceperis</span> <span class='ocrx_word' id='word_1_150' title='bbox 622 1018 700 1041; x_wconf 92' lang='lat' dir='ltr'>non</span> <span class='ocrx_word' id='word_1_151' title='bbox 724 1006 771 1042; x_wconf 90' lang='lat' dir='ltr'>de</span> <span class='ocrx_word' id='word_1_152' title='bbox 792 1017 912 1046; x_wconf 72' lang='lat' dir='ltr'>terra.</span> <span class='ocrx_word' id='word_1_153' title='bbox 949 1005 1009 1042; x_wconf 87' lang='lat' dir='ltr'>sed</span> <span class='ocrx_word' id='word_1_154' title='bbox 1030 1008 1076 1044; x_wconf 91' lang='lat' dir='ltr'>de</span> <span class='ocrx_word' id='word_1_155' title='bbox 1102 1007 1303 1054; x_wconf 79' lang='lat' dir='ltr'>potestate,</span> <span class='ocrx_word' id='word_1_156' title='bbox 1338 1006 1386 1043; x_wconf 87' lang='lat' dir='ltr'>cf.</span> <span class='ocrx_word' id='word_1_157' title='bbox 1407 1007 1455 1044; x_wconf 85' lang='lat' dir='ltr'>G.</span> <span class='ocrx_word' id='word_1_158' title='bbox 1476 1007 1549 1042; x_wconf 90' lang='lat' dir='ltr'>Th.</span> <span class='ocrx_word' id='word_1_159' title='bbox 1569 1017 1656 1042; x_wconf 86' lang='lat' dir='ltr'>cum</span> <span class='ocrx_word' id='word_1_160' title='bbox 1718 1005 1722 1010; x_wconf 50' lang='lat'><strong>⁴</strong></span> 
     </span>
     <span class='ocr_line' id='line_1_17' title="bbox 131 1054 1657 1106; baseline 0.001 -16"><span class='ocrx_word' id='word_1_161' title='bbox 131 1056 199 1091; x_wconf 85' lang='lat' dir='ltr'>Gr.</span> <span class='ocrx_word' id='word_1_162' title='bbox 220 1056 394 1099; x_wconf 58' lang='grc' dir='ltr'>ἐπαρχίκὴ</span> <span class='ocrx_word' id='word_1_163' title='bbox 414 1066 538 1102; x_wconf 86' lang='lat' dir='ltr'>quam,</span> <span class='ocrx_word' id='word_1_164' title='bbox 565 1066 643 1101; x_wconf 88' lang='lat' dir='ltr'>quo</span> <span class='ocrx_word' id='word_1_165' title='bbox 665 1054 778 1092; x_wconf 85' lang='lat' dir='ltr'>ducat</span> <span class='ocrx_word' id='word_1_166' title='bbox 796 1055 867 1090; x_wconf 89' lang='lat' dir='ltr'>hoc</span> <span class='ocrx_word' id='word_1_167' title='bbox 887 1054 1003 1099; x_wconf 64' lang='lat' dir='ltr'>ipsum</span> <span class='ocrx_word' id='word_1_168' title='bbox 1021 1057 1110 1097; x_wconf 81' lang='lat' dir='ltr'>Gr..</span> <span class='ocrx_word' id='word_1_169' title='bbox 1137 1068 1202 1103; x_wconf 82' lang='lat' dir='ltr'>per</span> <span class='ocrx_word' id='word_1_170' title='bbox 1222 1056 1302 1093; x_wconf 73' lang='lat' dir='ltr'>Lat.</span> <span class='ocrx_word' id='word_1_171' title='bbox 1322 1055 1557 1106; x_wconf 61' lang='lat' dir='ltr'>praefeHm‘a</span> <span class='ocrx_word' id='word_1_172' title='bbox 1572 1079 1584 1097; x_wconf 82' lang='lat'>,</span> <span class='ocrx_word' id='word_1_173' title='bbox 1611 1065 1657 1092; x_wconf 77' lang='lat' dir='ltr'>ut</span> 
     </span>
     <span class='ocr_line' id='line_1_18' title="bbox 130 1102 1657 1154; baseline 0.001 -14"><span class='ocrx_word' id='word_1_174' title='bbox 130 1117 205 1154; x_wconf 79' lang='lat' dir='ltr'>que</span> <span class='ocrx_word' id='word_1_175' title='bbox 233 1102 359 1141; x_wconf 81' lang='lat' dir='ltr'>Nostri</span> <span class='ocrx_word' id='word_1_176' title='bbox 380 1108 474 1151; x_wconf 69' lang='grc' dir='ltr'>ἀρχὴ</span> <span class='ocrx_word' id='word_1_177' title='bbox 492 1103 533 1140; x_wconf 78' lang='lat' dir='ltr'>fit</span> <span class='ocrx_word' id='word_1_178' title='bbox 553 1104 572 1140; x_wconf 89' lang='lat' dir='ltr'>i.</span> <span class='ocrx_word' id='word_1_179' title='bbox 588 1117 624 1152; x_wconf 89' lang='lat' dir='ltr'>q.</span> <span class='ocrx_word' id='word_1_180' title='bbox 643 1104 732 1140; x_wconf 81' lang='lat' dir='ltr'>alias</span> <span class='ocrx_word' id='word_1_181' title='bbox 752 1110 932 1149; x_wconf 68' lang='grc' dir='ltr'><em>ἡγεμονία,</em></span> <span class='ocrx_word' id='word_1_182' title='bbox 963 1105 1064 1153; x_wconf 83' lang='lat' dir='ltr'>quod</span> <span class='ocrx_word' id='word_1_183' title='bbox 1084 1117 1123 1142; x_wconf 89' lang='lat' dir='ltr'>et</span> <span class='ocrx_word' id='word_1_184' title='bbox 1143 1105 1262 1153; x_wconf 81' lang='lat' dir='ltr'>ipsum</span> <span class='ocrx_word' id='word_1_185' title='bbox 1284 1106 1441 1153; x_wconf 86' lang='lat' dir='ltr'>ponitur</span> <span class='ocrx_word' id='word_1_186' title='bbox 1459 1105 1657 1143; x_wconf 75' lang='lat' dir='ltr'>Interdum</span> 
     </span>
     <span class='ocr_line' id='line_1_19' title="bbox 131 1152 1657 1203; baseline 0.002 -13"><span class='ocrx_word' id='word_1_187' title='bbox 131 1167 199 1203; x_wconf 86' lang='lat' dir='ltr'>pro</span> <span class='ocrx_word' id='word_1_188' title='bbox 221 1152 411 1203; x_wconf 81' lang='lat' dir='ltr'>provincia</span> <span class='ocrx_word' id='word_1_189' title='bbox 433 1155 456 1191; x_wconf 84' lang='lat' dir='ltr'>i.</span> <span class='ocrx_word' id='word_1_190' title='bbox 480 1165 596 1196; x_wconf 81' lang='lat' dir='ltr'>terra,</span> <span class='ocrx_word' id='word_1_191' title='bbox 631 1167 666 1189; x_wconf 94' lang='lat' dir='ltr'>v.</span> <span class='ocrx_word' id='word_1_192' title='bbox 686 1153 766 1190; x_wconf 81' lang='lat' dir='ltr'>lud.</span> <span class='ocrx_word' id='word_1_193' title='bbox 792 1155 909 1190; x_wconf 90' lang='lat' dir='ltr'>Dion.</span> <span class='ocrx_word' id='word_1_194' title='bbox 931 1155 1011 1192; x_wconf 86' lang='lat' dir='ltr'>Cas.</span> <span class='ocrx_word' id='word_1_195' title='bbox 1027 1181 1036 1197; x_wconf 88' lang='lat'>‚</span> <span class='ocrx_word' id='word_1_196' title='bbox 1065 1155 1256 1191; x_wconf 81' lang='lat' dir='ltr'>retinente</span> <span class='ocrx_word' id='word_1_197' title='bbox 1274 1155 1358 1191; x_wconf 81' lang='lat' dir='ltr'><strong>Sch.</strong></span> <span class='ocrx_word' id='word_1_198' title='bbox 1380 1156 1456 1192; x_wconf 80' lang='lat' dir='ltr'>Lar.</span> <span class='ocrx_word' id='word_1_199' title='bbox 1470 1155 1508 1192; x_wconf 86' lang='lat' dir='ltr'>P.</span> <span class='ocrx_word' id='word_1_200' title='bbox 1519 1154 1657 1202; x_wconf 82' lang='lat' dir='ltr'>partim</span> 
     </span>
     <span class='ocr_line' id='line_1_20' title="bbox 133 1203 1656 1253; baseline -0.001 -12"><span class='ocrx_word' id='word_1_201' title='bbox 133 1204 172 1241; x_wconf 87' lang='lat' dir='ltr'>in</span> <span class='ocrx_word' id='word_1_202' title='bbox 201 1215 308 1244; x_wconf 67' lang='lat' dir='ltr'>„ox-na.</span> <span class='ocrx_word' id='word_1_203' title='bbox 338 1203 498 1241; x_wconf 81' lang='lat' dir='ltr'>multum</span> <span class='ocrx_word' id='word_1_204' title='bbox 525 1213 561 1240; x_wconf 81' lang='lat' dir='ltr'>et</span> <span class='ocrx_word' id='word_1_205' title='bbox 586 1203 784 1241; x_wconf 79' lang='lat' dir='ltr'>maximum</span> <span class='ocrx_word' id='word_1_206' title='bbox 812 1204 1027 1252; x_wconf 79' lang='lat' dir='ltr'>imperium«</span> <span class='ocrx_word' id='word_1_207' title='bbox 1056 1204 1120 1252; x_wconf 86' lang='lat' dir='ltr'>qui</span> <span class='ocrx_word' id='word_1_208' title='bbox 1145 1205 1388 1252; x_wconf 68' lang='lat' dir='ltr'>superlativus</span> <span class='ocrx_word' id='word_1_209' title='bbox 1418 1216 1436 1240; x_wconf 81' lang='lat' dir='ltr'>a</span> <span class='ocrx_word' id='word_1_210' title='bbox 1454 1207 1518 1253; x_wconf 81' lang='lat' dir='ltr'>Bg.</span> <span class='ocrx_word' id='word_1_211' title='bbox 1541 1204 1656 1241; x_wconf 85' lang='lat' dir='ltr'>etiam</span> 
     </span>
     <span class='ocr_line' id='line_1_21' title="bbox 130 1250 1657 1300; baseline -0.001 -10"><span class='ocrx_word' id='word_1_212' title='bbox 130 1254 293 1291; x_wconf 78' lang='lat' dir='ltr'>servatus</span> <span class='ocrx_word' id='word_1_213' title='bbox 315 1250 416 1289; x_wconf 77' lang='lat' dir='ltr'>iimul</span> <span class='ocrx_word' id='word_1_214' title='bbox 437 1265 522 1289; x_wconf 90' lang='lat' dir='ltr'>cum</span> <span class='ocrx_word' id='word_1_215' title='bbox 545 1253 727 1300; x_wconf 72' lang='lat' dir='ltr'>positivo,</span> <span class='ocrx_word' id='word_1_216' title='bbox 764 1265 875 1299; x_wconf 84' lang='lat' dir='ltr'>quem</span> <span class='ocrx_word' id='word_1_217' title='bbox 898 1254 937 1290; x_wconf 92' lang='lat' dir='ltr'>P.</span> <span class='ocrx_word' id='word_1_218' title='bbox 958 1266 1022 1291; x_wconf 88' lang='lat' dir='ltr'>aut</span> <span class='ocrx_word' id='word_1_219' title='bbox 1039 1265 1270 1295; x_wconf 83' lang='lat' dir='ltr'>removerat,</span> <span class='ocrx_word' id='word_1_220' title='bbox 1308 1266 1393 1294; x_wconf 83' lang='lat' dir='ltr'>aut.</span> <span class='ocrx_word' id='word_1_221' title='bbox 1431 1253 1570 1291; x_wconf 72' lang='lat' dir='ltr'>sublata</span> <span class='ocrx_word' id='word_1_222' title='bbox 1592 1265 1657 1288; x_wconf 89' lang='lat' dir='ltr'>co-</span> 
     </span>
     <span class='ocr_line' id='line_1_22' title="bbox 132 1300 1658 1351; baseline 0 -12"><span class='ocrx_word' id='word_1_223' title='bbox 132 1303 218 1351; x_wconf 85' lang='lat' dir='ltr'>pula</span> <span class='ocrx_word' id='word_1_224' title='bbox 240 1300 295 1344; x_wconf 63' lang='grc' dir='ltr'>καῆ</span> <span class='ocrx_word' id='word_1_225' title='bbox 308 1328 317 1344; x_wconf 84' lang='grc'><em>,</em></span> <span class='ocrx_word' id='word_1_226' title='bbox 356 1314 419 1349; x_wconf 89' lang='lat' dir='ltr'>per</span> <span class='ocrx_word' id='word_1_227' title='bbox 437 1302 611 1339; x_wconf 80' lang='lat' dir='ltr'>hendiad.</span> <span class='ocrx_word' id='word_1_228' title='bbox 636 1314 793 1339; x_wconf 84' lang='lat' dir='ltr'>mutarat</span> <span class='ocrx_word' id='word_1_229' title='bbox 818 1303 857 1339; x_wconf 89' lang='lat' dir='ltr'>in</span> <span class='ocrx_word' id='word_1_230' title='bbox 875 1302 986 1340; x_wconf 81' lang='lat' dir='ltr'>affine</span> <span class='ocrx_word' id='word_1_231' title='bbox 1004 1303 1084 1340; x_wconf 83' lang='lat' dir='ltr'>adv.</span> <span class='ocrx_word' id='word_1_232' title='bbox 1104 1305 1226 1345; x_wconf 85' lang='lat' dir='ltr'>multo,</span> <span class='ocrx_word' id='word_1_233' title='bbox 1254 1316 1340 1341; x_wconf 87' lang='lat' dir='ltr'>cum</span> <span class='ocrx_word' id='word_1_234' title='bbox 1359 1303 1527 1351; x_wconf 83' lang='lat' dir='ltr'>superlat.</span> <span class='ocrx_word' id='word_1_235' title='bbox 1540 1302 1658 1343; x_wconf 61' lang='lat' dir='ltr'>rnaext‘,</span> 
     </span>
     <span class='ocr_line' id='line_1_23' title="bbox 131 1351 1658 1402; baseline 0.001 -13"><span class='ocrx_word' id='word_1_236' title='bbox 131 1365 207 1389; x_wconf 80' lang='lat' dir='ltr'>mur</span> <span class='ocrx_word' id='word_1_237' title='bbox 223 1353 455 1395; x_wconf 66' lang='lat' dir='ltr'>redundmm</span> <span class='ocrx_word' id='word_1_238' title='bbox 493 1352 689 1399; x_wconf 86' lang='lat' dir='ltr'>quomodo</span> <span class='ocrx_word' id='word_1_239' title='bbox 719 1354 803 1389; x_wconf 80' lang='lat' dir='ltr'>sane</span> <span class='ocrx_word' id='word_1_240' title='bbox 825 1353 911 1389; x_wconf 82' lang='lat' dir='ltr'>alibi</span> <span class='ocrx_word' id='word_1_241' title='bbox 933 1363 1088 1401; x_wconf 77' lang='lat' dir='ltr'>quoque</span> <span class='ocrx_word' id='word_1_242' title='bbox 1109 1355 1195 1402; x_wconf 62' lang='lat' dir='ltr'>Eg„</span> <span class='ocrx_word' id='word_1_243' title='bbox 1231 1352 1402 1402; x_wconf 78' lang='lat' dir='ltr'>oppress&#39;o</span> <span class='ocrx_word' id='word_1_244' title='bbox 1422 1351 1502 1397; x_wconf 57' lang='lat' dir='ltr'>aa),</span> <span class='ocrx_word' id='word_1_245' title='bbox 1538 1352 1658 1390; x_wconf 80' lang='lat' dir='ltr'>trahit</span> 
     </span>
     <span class='ocr_line' id='line_1_24' title="bbox 131 1400 1658 1450; baseline -0.001 -11"><span class='ocrx_word' id='word_1_246' title='bbox 131 1402 203 1439; x_wconf 82' lang='lat' dir='ltr'>adi.</span> <span class='ocrx_word' id='word_1_247' title='bbox 225 1415 304 1440; x_wconf 71' lang='grc' dir='ltr'><strong>πολ.</strong></span> <span class='ocrx_word' id='word_1_248' title='bbox 327 1400 371 1438; x_wconf 83' lang='lat' dir='ltr'>ad</span> <span class='ocrx_word' id='word_1_249' title='bbox 388 1401 439 1449; x_wconf 86' lang='lat' dir='ltr'>sq.</span> <span class='ocrx_word' id='word_1_250' title='bbox 460 1415 622 1442; x_wconf 79' lang='lat' dir='ltr'>nomen,</span> <span class='ocrx_word' id='word_1_251' title='bbox 659 1415 693 1437; x_wconf 89' lang='lat' dir='ltr'>v.</span> <span class='ocrx_word' id='word_1_252' title='bbox 715 1414 744 1438; x_wconf 89' lang='lat' dir='ltr'>c.</span> <span class='ocrx_word' id='word_1_253' title='bbox 768 1408 880 1440; x_wconf 62' lang='lat' dir='ltr'>noaz&amp;</span> <span class='ocrx_word' id='word_1_254' title='bbox 901 1404 955 1445; x_wconf 69' lang='grc' dir='ltr'>καὶ</span> <span class='ocrx_word' id='word_1_255' title='bbox 978 1405 1064 1440; x_wconf 70' lang='grc' dir='ltr'><strong><em>δεινὰ</em></strong></span> <span class='ocrx_word' id='word_1_256' title='bbox 1091 1415 1121 1443; x_wconf 83' lang='grc' dir='ltr'>ι,</span> <span class='ocrx_word' id='word_1_257' title='bbox 1143 1414 1200 1444; x_wconf 82' lang='grc' dir='ltr'>ιο,</span> <span class='ocrx_word' id='word_1_258' title='bbox 1225 1415 1257 1438; x_wconf 87' lang='lat'>2.</span> <span class='ocrx_word' id='word_1_259' title='bbox 1288 1415 1321 1444; x_wconf 78' lang='grc' dir='ltr'>ι,</span> <span class='ocrx_word' id='word_1_260' title='bbox 1346 1414 1401 1450; x_wconf 82' lang='lat'>¹4·</span> <span class='ocrx_word' id='word_1_261' title='bbox 1424 1412 1500 1446; x_wconf 77' lang='grc' dir='ltr'>η..</span> <span class='ocrx_word' id='word_1_262' title='bbox 1524 1412 1658 1438; x_wconf 86' lang='lat' dir='ltr'>tenen·</span> 
     </span>
     <span class='ocr_line' id='line_1_25' title="bbox 129 1451 1655 1501; baseline -0.001 -12"><span class='ocrx_word' id='word_1_263' title='bbox 129 1464 171 1490; x_wconf 86' lang='lat' dir='ltr'>te</span> <span class='ocrx_word' id='word_1_264' title='bbox 189 1453 271 1498; x_wconf 86' lang='lat' dir='ltr'>Stp.</span> <span class='ocrx_word' id='word_1_265' title='bbox 292 1451 370 1488; x_wconf 87' lang='lat' dir='ltr'>Th.</span> <span class='ocrx_word' id='word_1_266' title='bbox 398 1451 438 1488; x_wconf 89' lang='lat' dir='ltr'>in</span> <span class='ocrx_word' id='word_1_267' title='bbox 465 1464 541 1490; x_wconf 66' lang='grc' dir='ltr'>πολ.</span> <span class='ocrx_word' id='word_1_268' title='bbox 566 1454 629 1501; x_wconf 80' lang='lat' dir='ltr'>ssg.</span> <span class='ocrx_word' id='word_1_269' title='bbox 657 1452 735 1488; x_wconf 80' lang='lat' dir='ltr'>Lat.</span> <span class='ocrx_word' id='word_1_270' title='bbox 761 1461 790 1496; x_wconf 89' lang='lat'>3,</span> <span class='ocrx_word' id='word_1_271' title='bbox 811 1461 894 1497; x_wconf 76' lang='lat'>480.</span> <span class='ocrx_word' id='word_1_272' title='bbox 919 1453 968 1488; x_wconf 89' lang='lat' dir='ltr'>G.</span> <span class='ocrx_word' id='word_1_273' title='bbox 997 1464 1081 1488; x_wconf 89' lang='lat' dir='ltr'>cum</span> <span class='ocrx_word' id='word_1_274' title='bbox 1103 1452 1226 1488; x_wconf 85' lang='lat' dir='ltr'>Thuc.</span> <span class='ocrx_word' id='word_1_275' title='bbox 1257 1459 1396 1496; x_wconf 69' lang='grc' dir='ltr'><strong><em>»πολλῆ</em></strong></span> <span class='ocrx_word' id='word_1_276' title='bbox 1423 1451 1451 1490; x_wconf 79' lang='grc' dir='ltr'>δ’</span> <span class='ocrx_word' id='word_1_277' title='bbox 1472 1457 1492 1495; x_wconf 79' lang='grc' dir='ltr'><strong><em>ἧ</em></strong></span> <span class='ocrx_word' id='word_1_278' title='bbox 1510 1455 1655 1494; x_wconf 64' lang='grc' dir='ltr'>Σικελία.</span> 
     </span>
     <span class='ocr_line' id='line_1_26' title="bbox 129 1500 1656 1550; baseline -0.001 -11"><span class='ocrx_word' id='word_1_279' title='bbox 129 1502 194 1539; x_wconf 85' lang='lat' dir='ltr'>ubi</span> <span class='ocrx_word' id='word_1_280' title='bbox 219 1501 341 1539; x_wconf 83' lang='lat' dir='ltr'>Schol.</span> <span class='ocrx_word' id='word_1_281' title='bbox 363 1503 585 1547; x_wconf 65' lang='grc' dir='ltr'>εὐρύχωροςῑῑ</span> <span class='ocrx_word' id='word_1_282' title='bbox 614 1502 733 1549; x_wconf 81' lang='lat' dir='ltr'>quod,</span> <span class='ocrx_word' id='word_1_283' title='bbox 761 1511 910 1538; x_wconf 86' lang='lat' dir='ltr'>tacente</span> <span class='ocrx_word' id='word_1_284' title='bbox 931 1500 1033 1542; x_wconf 61' lang='lat' dir='ltr'>lud„</span> <span class='ocrx_word' id='word_1_285' title='bbox 1060 1500 1099 1538; x_wconf 86' lang='lat' dir='ltr'>in</span> <span class='ocrx_word' id='word_1_286' title='bbox 1119 1512 1252 1538; x_wconf 84' lang='lat' dir='ltr'>terram</span> <span class='ocrx_word' id='word_1_287' title='bbox 1272 1501 1389 1539; x_wconf 86' lang='lat' dir='ltr'>modo</span> <span class='ocrx_word' id='word_1_288' title='bbox 1409 1512 1550 1550; x_wconf 84' lang='lat' dir='ltr'>aptum.</span> <span class='ocrx_word' id='word_1_289' title='bbox 1574 1511 1656 1538; x_wconf 82' lang='lat' dir='ltr'>non</span> 
     </span>
     <span class='ocr_line' id='line_1_27' title="bbox 133 1548 1657 1599; baseline -0.003 -11"><span class='ocrx_word' id='word_1_290' title='bbox 133 1554 226 1590; x_wconf 84' lang='lat' dir='ltr'>item</span> <span class='ocrx_word' id='word_1_291' title='bbox 245 1551 338 1593; x_wconf 84' lang='lat' dir='ltr'>huc,</span> <span class='ocrx_word' id='word_1_292' title='bbox 368 1549 431 1587; x_wconf 87' lang='lat' dir='ltr'>ubi</span> <span class='ocrx_word' id='word_1_293' title='bbox 453 1551 575 1598; x_wconf 81' lang='lat' dir='ltr'>agitur</span> <span class='ocrx_word' id='word_1_294' title='bbox 597 1552 643 1588; x_wconf 85' lang='lat' dir='ltr'>de</span> <span class='ocrx_word' id='word_1_295' title='bbox 664 1549 864 1597; x_wconf 75' lang='lat' dir='ltr'>potestate.</span> <span class='ocrx_word' id='word_1_296' title='bbox 901 1563 976 1596; x_wconf 84' lang='lat' dir='ltr'>quo</span> <span class='ocrx_word' id='word_1_297' title='bbox 998 1561 1034 1586; x_wconf 90' lang='lat' dir='ltr'>et</span> <span class='ocrx_word' id='word_1_298' title='bbox 1056 1549 1208 1597; x_wconf 79' lang='lat' dir='ltr'>respicit</span> <span class='ocrx_word' id='word_1_299' title='bbox 1226 1549 1278 1599; x_wconf 86' lang='lat' dir='ltr'>sq.</span> <span class='ocrx_word' id='word_1_300' title='bbox 1304 1555 1437 1598; x_wconf 74' lang='grc' dir='ltr'><strong>ἐξουσ..</strong></span> <span class='ocrx_word' id='word_1_301' title='bbox 1464 1563 1527 1598; x_wconf 85' lang='lat' dir='ltr'>per</span> <span class='ocrx_word' id='word_1_302' title='bbox 1541 1548 1657 1585; x_wconf 67' lang='lat' dir='ltr'>varia-</span> 
     </span>
     <span class='ocr_line' id='line_1_28' title="bbox 129 1596 1657 1649; baseline -0.003 -11"><span class='ocrx_word' id='word_1_303' title='bbox 129 1602 277 1639; x_wconf 84' lang='lat' dir='ltr'>tionem</span> <span class='ocrx_word' id='word_1_304' title='bbox 297 1600 503 1642; x_wconf 68' lang='lat' dir='ltr'>:dieaurm</span> <span class='ocrx_word' id='word_1_305' title='bbox 529 1596 782 1649; x_wconf 77' lang='lat' dir='ltr'>distinguente</span> <span class='ocrx_word' id='word_1_306' title='bbox 801 1612 860 1636; x_wconf 87' lang='lat' dir='ltr'>me</span> <span class='ocrx_word' id='word_1_307' title='bbox 876 1598 1068 1642; x_wconf 70' lang='lat' dir='ltr'>adiestiva,</span> <span class='ocrx_word' id='word_1_308' title='bbox 1093 1611 1161 1647; x_wconf 86' lang='lat' dir='ltr'>per</span> <span class='ocrx_word' id='word_1_309' title='bbox 1178 1599 1254 1646; x_wconf 85' lang='lat' dir='ltr'>syn.</span> <span class='ocrx_word' id='word_1_310' title='bbox 1275 1601 1423 1648; x_wconf 87' lang='lat' dir='ltr'>copiam</span> <span class='ocrx_word' id='word_1_311' title='bbox 1443 1598 1577 1641; x_wconf 73' lang='lat' dir='ltr'>iunsta,</span> <span class='ocrx_word' id='word_1_312' title='bbox 1596 1596 1657 1640; x_wconf 76' lang='lat' dir='ltr'>fic.</span> 
     </span>
     <span class='ocr_line' id='line_1_29' title="bbox 130 1647 1656 1697; baseline -0.004 -8"><span class='ocrx_word' id='word_1_313' title='bbox 130 1663 175 1689; x_wconf 89' lang='lat' dir='ltr'>ut</span> <span class='ocrx_word' id='word_1_314' title='bbox 191 1663 272 1689; x_wconf 67' lang='grc' dir='ltr'><strong><em>πολ.</em></strong></span> <span class='ocrx_word' id='word_1_315' title='bbox 295 1650 463 1690; x_wconf 84' lang='lat' dir='ltr'>dicatur.</span> <span class='ocrx_word' id='word_1_316' title='bbox 497 1650 621 1697; x_wconf 86' lang='lat' dir='ltr'>quoad</span> <span class='ocrx_word' id='word_1_317' title='bbox 645 1647 843 1696; x_wconf 83' lang='lat' dir='ltr'>imperium</span> <span class='ocrx_word' id='word_1_318' title='bbox 865 1649 914 1686; x_wconf 87' lang='lat' dir='ltr'>est</span> <span class='ocrx_word' id='word_1_319' title='bbox 932 1649 970 1685; x_wconf 91' lang='lat' dir='ltr'>in</span> <span class='ocrx_word' id='word_1_320' title='bbox 992 1659 1105 1685; x_wconf 79' lang='lat' dir='ltr'>terras</span> <span class='ocrx_word' id='word_1_321' title='bbox 1127 1649 1243 1686; x_wconf 83' lang='lat' dir='ltr'>varias</span> <span class='ocrx_word' id='word_1_322' title='bbox 1263 1661 1304 1686; x_wconf 83' lang='lat' dir='ltr'>ac</span> <span class='ocrx_word' id='word_1_323' title='bbox 1324 1651 1461 1697; x_wconf 81' lang='lat' dir='ltr'>plures.</span> <span class='ocrx_word' id='word_1_324' title='bbox 1488 1649 1656 1694; x_wconf 52' lang='lat' dir='ltr'>sedne-uz,</span> 
     </span>
     <span class='ocr_line' id='line_1_30' title="bbox 131 1697 1686 1749; baseline -0.003 -11"><span class='ocrx_word' id='word_1_325' title='bbox 131 1699 256 1749; x_wconf 78' lang='lat' dir='ltr'>quoad</span> <span class='ocrx_word' id='word_1_326' title='bbox 286 1699 324 1736; x_wconf 90' lang='lat' dir='ltr'>in</span> <span class='ocrx_word' id='word_1_327' title='bbox 355 1698 503 1748; x_wconf 80' lang='lat' dir='ltr'>physice</span> <span class='ocrx_word' id='word_1_328' title='bbox 531 1711 681 1747; x_wconf 83' lang='lat' dir='ltr'>magnas</span> <span class='ocrx_word' id='word_1_329' title='bbox 704 1697 728 1734; x_wconf 90' lang='lat' dir='ltr'>s.</span> <span class='ocrx_word' id='word_1_330' title='bbox 753 1700 883 1746; x_wconf 80' lang='lat' dir='ltr'>longas</span> <span class='ocrx_word' id='word_1_331' title='bbox 913 1700 1099 1744; x_wconf 76' lang='lat' dir='ltr'>latasque3</span> <span class='ocrx_word' id='word_1_332' title='bbox 1143 1708 1300 1746; x_wconf 80' lang='lat' dir='ltr'>accepto</span> <span class='ocrx_word' id='word_1_333' title='bbox 1331 1697 1556 1746; x_wconf 73' lang='lat' dir='ltr'>superlativo</span> <span class='ocrx_word' id='word_1_334' title='bbox 1585 1708 1656 1744; x_wconf 78' lang='lat' dir='ltr'>pro</span> <span class='ocrx_word' id='word_1_335' title='bbox 1684 1736 1686 1740; x_wconf 69' lang='lat'>,</span> 
     </span>
     <span class='ocr_line' id='line_1_31' title="bbox 131 1745 1654 1799; baseline -0.001 -12"><span class='ocrx_word' id='word_1_336' title='bbox 131 1749 315 1799; x_wconf 81' lang='lat' dir='ltr'>positivo,</span> <span class='ocrx_word' id='word_1_337' title='bbox 351 1761 391 1787; x_wconf 90' lang='lat' dir='ltr'>et</span> <span class='ocrx_word' id='word_1_338' title='bbox 410 1760 495 1786; x_wconf 88' lang='lat' dir='ltr'>cum</span> <span class='ocrx_word' id='word_1_339' title='bbox 509 1751 574 1798; x_wconf 83' lang='lat' dir='ltr'>Bg.</span> <span class='ocrx_word' id='word_1_340' title='bbox 594 1752 631 1792; x_wconf 70' lang='grc' dir='ltr'>δὴ</span> <span class='ocrx_word' id='word_1_341' title='bbox 646 1747 798 1798; x_wconf 85' lang='lat' dir='ltr'>quidem</span> <span class='ocrx_word' id='word_1_342' title='bbox 821 1747 928 1785; x_wconf 87' lang='lat' dir='ltr'>sensu</span> <span class='ocrx_word' id='word_1_343' title='bbox 946 1746 1168 1795; x_wconf 84' lang='lat' dir='ltr'>explicandi,</span> <span class='ocrx_word' id='word_1_344' title='bbox 1194 1759 1231 1784; x_wconf 80' lang='lat' dir='ltr'>at</span> <span class='ocrx_word' id='word_1_345' title='bbox 1249 1759 1328 1784; x_wconf 90' lang='lat' dir='ltr'>non</span> <span class='ocrx_word' id='word_1_346' title='bbox 1346 1751 1417 1786; x_wconf 60' lang='grc' dir='ltr'>ὃν.</span> <span class='ocrx_word' id='word_1_347' title='bbox 1431 1773 1442 1790; x_wconf 90' lang='grc'>,</span> <span class='ocrx_word' id='word_1_348' title='bbox 1468 1745 1571 1796; x_wconf 90' lang='lat' dir='ltr'>quod</span> <span class='ocrx_word' id='word_1_349' title='bbox 1585 1757 1654 1794; x_wconf 60' lang='lat' dir='ltr'>poe</span> 
     </span>
     <span class='ocr_line' id='line_1_32' title="bbox 131 1788 1692 1845; baseline -0.002 -9"><span class='ocrx_word' id='word_1_350' title='bbox 131 1800 206 1837; x_wconf 85' lang='lat' dir='ltr'>tius</span> <span class='ocrx_word' id='word_1_351' title='bbox 226 1799 365 1836; x_wconf 89' lang='lat' dir='ltr'>iterum</span> <span class='ocrx_word' id='word_1_352' title='bbox 385 1798 432 1835; x_wconf 86' lang='lat' dir='ltr'>de</span> <span class='ocrx_word' id='word_1_353' title='bbox 456 1810 553 1836; x_wconf 82' lang='lat' dir='ltr'>terra</span> <span class='ocrx_word' id='word_1_354' title='bbox 572 1808 612 1835; x_wconf 88' lang='lat' dir='ltr'>et</span> <span class='ocrx_word' id='word_1_355' title='bbox 634 1797 828 1845; x_wconf 86' lang='lat' dir='ltr'>provincia</span> <span class='ocrx_word' id='word_1_356' title='bbox 848 1797 911 1834; x_wconf 88' lang='lat' dir='ltr'>hic</span> <span class='ocrx_word' id='word_1_357' title='bbox 928 1798 1047 1840; x_wconf 81' lang='lat' dir='ltr'>vaiet,</span> <span class='ocrx_word' id='word_1_358' title='bbox 1073 1797 1184 1834; x_wconf 84' lang='lat' dir='ltr'>etiam</span> <span class='ocrx_word' id='word_1_359' title='bbox 1206 1797 1256 1834; x_wconf 93' lang='lat' dir='ltr'>ob</span> <span class='ocrx_word' id='word_1_360' title='bbox 1276 1796 1328 1845; x_wconf 88' lang='lat' dir='ltr'>sq.</span> <span class='ocrx_word' id='word_1_361' title='bbox 1350 1809 1426 1833; x_wconf 88' lang='lat' dir='ltr'>rem</span> <span class='ocrx_word' id='word_1_362' title='bbox 1445 1795 1602 1834; x_wconf 82' lang='lat' dir='ltr'>eandem</span> <span class='ocrx_word' id='word_1_363' title='bbox 1615 1806 1658 1833; x_wconf 82' lang='lat' dir='ltr'>et</span> <span class='ocrx_word' id='word_1_364' title='bbox 1683 1788 1692 1842; x_wconf 65' lang='lat' dir='ltr'>i</span> 
     </span>
     <span class='ocr_line' id='line_1_33' title="bbox 129 1846 1659 1902; baseline -0.005 -14"><span class='ocrx_word' id='word_1_365' title='bbox 129 1859 191 1890; x_wconf 64' lang='grc' dir='ltr'>τῆς</span> <span class='ocrx_word' id='word_1_366' title='bbox 210 1858 298 1894; x_wconf 66' lang='grc' dir='ltr'>γῆς,</span> <span class='ocrx_word' id='word_1_367' title='bbox 325 1848 390 1886; x_wconf 90' lang='lat' dir='ltr'>ubi</span> <span class='ocrx_word' id='word_1_368' title='bbox 405 1851 466 1898; x_wconf 72' lang='lat' dir='ltr'>ng.</span> <span class='ocrx_word' id='word_1_369' title='bbox 480 1862 501 1885; x_wconf 89' lang='lat' dir='ltr'>e</span> <span class='ocrx_word' id='word_1_370' title='bbox 520 1861 573 1896; x_wconf 87' lang='lat' dir='ltr'>pr.</span> <span class='ocrx_word' id='word_1_371' title='bbox 595 1848 669 1885; x_wconf 81' lang='lat' dir='ltr'>adi.</span> <span class='ocrx_word' id='word_1_372' title='bbox 692 1864 791 1885; x_wconf 64' lang='lat' dir='ltr'>nonar.</span> <span class='ocrx_word' id='word_1_373' title='bbox 815 1847 954 1895; x_wconf 86' lang='lat' dir='ltr'>repetit</span> <span class='ocrx_word' id='word_1_374' title='bbox 967 1846 1055 1883; x_wconf 89' lang='lat' dir='ltr'>fem.</span> <span class='ocrx_word' id='word_1_375' title='bbox 1073 1852 1184 1889; x_wconf 71' lang='grc' dir='ltr'><strong><em>πάσης</em></strong></span> <span class='ocrx_word' id='word_1_376' title='bbox 1199 1871 1208 1886; x_wconf 77' lang='lat'><strong>·</strong></span> <span class='ocrx_word' id='word_1_377' title='bbox 1239 1859 1304 1902; x_wconf 64' lang='lat' dir='ltr'>ger</span> <span class='ocrx_word' id='word_1_378' title='bbox 1326 1846 1423 1882; x_wconf 77' lang='lat' dir='ltr'>aliud</span> <span class='ocrx_word' id='word_1_379' title='bbox 1439 1857 1565 1883; x_wconf 82' lang='lat' dir='ltr'>tamen</span> <span class='ocrx_word' id='word_1_380' title='bbox 1577 1846 1659 1887; x_wconf 59' lang='lat' dir='ltr'>Lat,</span> 
     </span>
     <span class='ocr_line' id='line_1_34' title="bbox 130 1893 1659 1945; baseline -0.003 -9"><span class='ocrx_word' id='word_1_381' title='bbox 130 1898 372 1940; x_wconf 80' lang='lat' dir='ltr'>conversum,</span> <span class='ocrx_word' id='word_1_382' title='bbox 409 1910 496 1935; x_wconf 88' lang='lat' dir='ltr'>cum</span> <span class='ocrx_word' id='word_1_383' title='bbox 526 1899 564 1934; x_wconf 88' lang='grc' dir='ltr'>Ρ.</span> <span class='ocrx_word' id='word_1_384' title='bbox 593 1897 756 1944; x_wconf 86' lang='lat' dir='ltr'>primum</span> <span class='ocrx_word' id='word_1_385' title='bbox 785 1913 887 1935; x_wconf 71' lang='grc' dir='ltr'><strong><em>παντ.</em></strong></span> <span class='ocrx_word' id='word_1_386' title='bbox 922 1896 1172 1945; x_wconf 68' lang='lat' dir='ltr'>oppreffiffet,</span> <span class='ocrx_word' id='word_1_387' title='bbox 1214 1899 1254 1933; x_wconf 75' lang='lat' dir='ltr'>et</span> <span class='ocrx_word' id='word_1_388' title='bbox 1278 1895 1392 1932; x_wconf 89' lang='lat' dir='ltr'>modo</span> <span class='ocrx_word' id='word_1_389' title='bbox 1420 1895 1460 1932; x_wconf 89' lang='lat' dir='ltr'>in</span> <span class='ocrx_word' id='word_1_390' title='bbox 1489 1893 1659 1932; x_wconf 69' lang='lat' dir='ltr'>secundo</span> 
     </span>
     <span class='ocr_line' id='line_1_35' title="bbox 131 1943 1657 1995; baseline -0.005 -8"><span class='ocrx_word' id='word_1_391' title='bbox 131 1950 302 1987; x_wconf 89' lang='lat' dir='ltr'>membro</span> <span class='ocrx_word' id='word_1_392' title='bbox 321 1946 477 1986; x_wconf 80' lang='lat' dir='ltr'>dediss&#39;et</span> <span class='ocrx_word' id='word_1_393' title='bbox 499 1947 582 1984; x_wconf 77' lang='lat' dir='ltr'>Lat.</span> <span class='ocrx_word' id='word_1_394' title='bbox 603 1945 700 1984; x_wconf 82' lang='lat' dir='ltr'>illud</span> <span class='ocrx_word' id='word_1_395' title='bbox 718 1949 802 1995; x_wconf 81' lang='lat' dir='ltr'><strong>ssg.;</strong></span> <span class='ocrx_word' id='word_1_396' title='bbox 841 1946 980 1983; x_wconf 83' lang='lat' dir='ltr'>Nostro</span> <span class='ocrx_word' id='word_1_397' title='bbox 1000 1946 1151 1994; x_wconf 79' lang='lat' dir='ltr'>quidem</span> <span class='ocrx_word' id='word_1_398' title='bbox 1175 1943 1220 1981; x_wconf 82' lang='lat' dir='ltr'>fic</span> <span class='ocrx_word' id='word_1_399' title='bbox 1238 1944 1408 1995; x_wconf 81' lang='lat' dir='ltr'>fingente</span> <span class='ocrx_word' id='word_1_400' title='bbox 1430 1943 1657 1986; x_wconf 78' lang='lat' dir='ltr'>orationem.</span> 
     </span>
     <span class='ocr_line' id='line_1_36' title="bbox 130 1990 1655 2046; baseline -0.003 -9"><span class='ocrx_word' id='word_1_401' title='bbox 130 2010 175 2037; x_wconf 80' lang='lat' dir='ltr'>ut</span> <span class='ocrx_word' id='word_1_402' title='bbox 194 1998 265 2036; x_wconf 89' lang='lat' dir='ltr'>adi.</span> <span class='ocrx_word' id='word_1_403' title='bbox 289 1997 456 2046; x_wconf 83' lang='lat' dir='ltr'>posuerit</span> <span class='ocrx_word' id='word_1_404' title='bbox 472 1996 514 2034; x_wconf 85' lang='lat' dir='ltr'>in</span> <span class='ocrx_word' id='word_1_405' title='bbox 535 1996 683 2040; x_wconf 84' lang='lat' dir='ltr'>medio,</span> <span class='ocrx_word' id='word_1_406' title='bbox 717 1996 1045 2033; x_wconf 84' lang='lat' dir='ltr'>accommodatum</span> <span class='ocrx_word' id='word_1_407' title='bbox 1065 1995 1109 2031; x_wconf 82' lang='lat' dir='ltr'>ad</span> <span class='ocrx_word' id='word_1_408' title='bbox 1127 1995 1250 2031; x_wconf 87' lang='lat' dir='ltr'>sexum</span> <span class='ocrx_word' id='word_1_409' title='bbox 1275 1995 1407 2042; x_wconf 82' lang='lat' dir='ltr'>prioris</span> <span class='ocrx_word' id='word_1_410' title='bbox 1428 1993 1533 2031; x_wconf 84' lang='lat' dir='ltr'>subst.</span> <span class='ocrx_word' id='word_1_411' title='bbox 1549 2018 1560 2035; x_wconf 92' lang='lat'><strong><em>,</em></strong></span> <span class='ocrx_word' id='word_1_412' title='bbox 1587 1990 1655 2032; x_wconf 78' lang='lat' dir='ltr'>etfi</span> 
     </span>
     <span class='ocr_line' id='line_1_37' title="bbox 131 2043 1657 2099; baseline -0.003 -13"><span class='ocrx_word' id='word_1_413' title='bbox 131 2048 346 2099; x_wconf 76' lang='lat' dir='ltr'>pertinebat</span> <span class='ocrx_word' id='word_1_414' title='bbox 365 2047 411 2085; x_wconf 86' lang='lat' dir='ltr'>ad</span> <span class='ocrx_word' id='word_1_415' title='bbox 428 2057 501 2084; x_wconf 88' lang='lat' dir='ltr'>utr.</span> <span class='ocrx_word' id='word_1_416' title='bbox 514 2045 623 2082; x_wconf 90' lang='lat' dir='ltr'>subst.</span> <span class='ocrx_word' id='word_1_417' title='bbox 636 2069 647 2087; x_wconf 87' lang='lat'><strong>‚</strong></span> <span class='ocrx_word' id='word_1_418' title='bbox 675 2057 715 2083; x_wconf 88' lang='lat' dir='ltr'>et</span> <span class='ocrx_word' id='word_1_419' title='bbox 728 2046 879 2093; x_wconf 85' lang='lat' dir='ltr'>proprie</span> <span class='ocrx_word' id='word_1_420' title='bbox 900 2045 1059 2081; x_wconf 82' lang='lat' dir='ltr'>debebat</span> <span class='ocrx_word' id='word_1_421' title='bbox 1074 2043 1260 2091; x_wconf 83' lang='lat' dir='ltr'>praemitti</span> <span class='ocrx_word' id='word_1_422' title='bbox 1280 2051 1404 2086; x_wconf 73' lang='grc' dir='ltr'>παντὸς</span> <span class='ocrx_word' id='word_1_423' title='bbox 1425 2047 1519 2085; x_wconf 55' lang='lat' dir='ltr'>ism,</span> <span class='ocrx_word' id='word_1_424' title='bbox 1542 2054 1657 2091; x_wconf 62' lang='lat' dir='ltr'>equa</span> 
     </span>
     <span class='ocr_line' id='line_1_38' title="bbox 131 2091 1652 2145; baseline -0.005 -8"><span class='ocrx_word' id='word_1_425' title='bbox 131 2100 218 2137; x_wconf 86' lang='lat' dir='ltr'>sexu</span> <span class='ocrx_word' id='word_1_426' title='bbox 237 2097 400 2134; x_wconf 82' lang='lat' dir='ltr'>solemus</span> <span class='ocrx_word' id='word_1_427' title='bbox 418 2096 532 2145; x_wconf 83' lang='lat' dir='ltr'>vulgo</span> <span class='ocrx_word' id='word_1_428' title='bbox 555 2097 703 2143; x_wconf 85' lang='lat' dir='ltr'>explere</span> <span class='ocrx_word' id='word_1_429' title='bbox 724 2102 852 2132; x_wconf 85' lang='lat' dir='ltr'>mente</span> <span class='ocrx_word' id='word_1_430' title='bbox 881 2094 1006 2131; x_wconf 88' lang='lat' dir='ltr'>sexum</span> <span class='ocrx_word' id='word_1_431' title='bbox 1036 2093 1227 2135; x_wconf 52' lang='lat' dir='ltr'>adiecisti,</span> <span class='ocrx_word' id='word_1_432' title='bbox 1264 2094 1325 2140; x_wconf 87' lang='lat' dir='ltr'>qui</span> <span class='ocrx_word' id='word_1_433' title='bbox 1353 2091 1539 2129; x_wconf 84' lang='lat' dir='ltr'>convenit</span> <span class='ocrx_word' id='word_1_434' title='bbox 1565 2103 1652 2130; x_wconf 85' lang='lat' dir='ltr'>cum</span> 
     </span>
     <span class='ocr_line' id='line_1_39' title="bbox 132 2140 1653 2197; baseline -0.006 -11"><span class='ocrx_word' id='word_1_435' title='bbox 132 2149 184 2197; x_wconf 86' lang='lat' dir='ltr'>sq.</span> <span class='ocrx_word' id='word_1_436' title='bbox 205 2147 311 2186; x_wconf 89' lang='lat' dir='ltr'>subst.</span> <span class='ocrx_word' id='word_1_437' title='bbox 328 2156 441 2194; x_wconf 83' lang='lat' dir='ltr'>atque</span> <span class='ocrx_word' id='word_1_438' title='bbox 459 2145 553 2181; x_wconf 85' lang='lat' dir='ltr'>adeo</span> <span class='ocrx_word' id='word_1_439' title='bbox 574 2150 707 2188; x_wconf 65' lang='grc' dir='ltr'><strong><em>πάσης.</em></strong></span> <span class='ocrx_word' id='word_1_440' title='bbox 740 2144 780 2182; x_wconf 88' lang='lat' dir='ltr'>in</span> <span class='ocrx_word' id='word_1_441' title='bbox 800 2156 877 2194; x_wconf 88' lang='lat' dir='ltr'>quo</span> <span class='ocrx_word' id='word_1_442' title='bbox 896 2144 990 2181; x_wconf 81' lang='lat' dir='ltr'>nihil</span> <span class='ocrx_word' id='word_1_443' title='bbox 1011 2144 1145 2180; x_wconf 79' lang='lat' dir='ltr'>Noster</span> <span class='ocrx_word' id='word_1_444' title='bbox 1165 2154 1316 2189; x_wconf 81' lang='lat' dir='ltr'>peccat,</span> <span class='ocrx_word' id='word_1_445' title='bbox 1353 2141 1419 2179; x_wconf 74' lang='lat' dir='ltr'>nisi</span> <span class='ocrx_word' id='word_1_446' title='bbox 1452 2141 1490 2178; x_wconf 89' lang='lat' dir='ltr'>in</span> <span class='ocrx_word' id='word_1_447' title='bbox 1518 2140 1653 2185; x_wconf 73' lang='lat' dir='ltr'>ordine</span> 
     </span>
     <span class='ocr_line' id='line_1_40' title="bbox 133 2185 1684 2245; baseline -0.005 -10"><span class='ocrx_word' id='word_1_448' title='bbox 133 2197 229 2241; x_wconf 79' lang='lat' dir='ltr'>adi..</span> <span class='ocrx_word' id='word_1_449' title='bbox 266 2197 330 2245; x_wconf 89' lang='lat' dir='ltr'>qui</span> <span class='ocrx_word' id='word_1_450' title='bbox 354 2194 515 2232; x_wconf 79' lang='lat' dir='ltr'>fortaffis</span> <span class='ocrx_word' id='word_1_451' title='bbox 537 2194 587 2232; x_wconf 87' lang='lat' dir='ltr'>est</span> <span class='ocrx_word' id='word_1_452' title='bbox 604 2206 623 2230; x_wconf 84' lang='lat' dir='ltr'>a</span> <span class='ocrx_word' id='word_1_453' title='bbox 641 2194 817 2231; x_wconf 81' lang='lat' dir='ltr'>laevitate</span> <span class='ocrx_word' id='word_1_454' title='bbox 837 2203 876 2230; x_wconf 88' lang='lat' dir='ltr'>et</span> <span class='ocrx_word' id='word_1_455' title='bbox 898 2192 1065 2230; x_wconf 67' lang='lat' dir='ltr'>iunaura</span> <span class='ocrx_word' id='word_1_456' title='bbox 1084 2193 1283 2229; x_wconf 85' lang='lat' dir='ltr'>verborum</span> <span class='ocrx_word' id='word_1_457' title='bbox 1305 2201 1344 2233; x_wconf 82' lang='lat' dir='ltr'>et</span> <span class='ocrx_word' id='word_1_458' title='bbox 1369 2206 1390 2229; x_wconf 89' lang='lat' dir='ltr'>e</span> <span class='ocrx_word' id='word_1_459' title='bbox 1411 2203 1548 2242; x_wconf 83' lang='lat' dir='ltr'>genere</span> <span class='ocrx_word' id='word_1_460' title='bbox 1575 2190 1653 2241; x_wconf 45' lang='lat' dir='ltr'>syl*</span> <span class='ocrx_word' id='word_1_461' title='bbox 1675 2185 1684 2230; x_wconf 89' lang='grc' dir='ltr'>Ι</span> 
     </span>
     <span class='ocr_line' id='line_1_41' title="bbox 132 2241 1683 2296; baseline -0.007 -11"><span class='ocrx_word' id='word_1_462' title='bbox 132 2247 239 2296; x_wconf 73' lang='lat' dir='ltr'>iepfis</span> <span class='ocrx_word' id='word_1_463' title='bbox 260 2247 285 2285; x_wconf 89' lang='lat' dir='ltr'>s.</span> <span class='ocrx_word' id='word_1_464' title='bbox 308 2243 488 2294; x_wconf 72' lang='lat' dir='ltr'>synthesis</span> <span class='ocrx_word' id='word_1_465' title='bbox 502 2267 514 2285; x_wconf 87' lang='lat'>,</span> <span class='ocrx_word' id='word_1_466' title='bbox 547 2243 654 2280; x_wconf 86' lang='lat' dir='ltr'>cuius</span> <span class='ocrx_word' id='word_1_467' title='bbox 668 2243 768 2280; x_wconf 78' lang='lat' dir='ltr'>aliud</span> <span class='ocrx_word' id='word_1_468' title='bbox 789 2245 1000 2289; x_wconf 76' lang='lat' dir='ltr'>exemplum</span> <span class='ocrx_word' id='word_1_469' title='bbox 1023 2255 1104 2280; x_wconf 83' lang='lat' dir='ltr'>non</span> <span class='ocrx_word' id='word_1_470' title='bbox 1124 2241 1248 2279; x_wconf 83' lang='lat' dir='ltr'>habui.</span> <span class='ocrx_word' id='word_1_471' title='bbox 1678 2258 1683 2263; x_wconf 90' lang='lat'><strong>·</strong></span> 
     </span>
     <span class='ocr_line' id='line_1_42' title="bbox 182 2289 1720 2342; baseline -0.009 -6"><span class='ocrx_word' id='word_1_472' title='bbox 182 2295 298 2342; x_wconf 65' lang='grc' dir='ltr'>ὄντων)</span> <span class='ocrx_word' id='word_1_473' title='bbox 326 2296 402 2333; x_wconf 88' lang='lat' dir='ltr'>Ms.</span> <span class='ocrx_word' id='word_1_474' title='bbox 422 2306 481 2331; x_wconf 84' lang='lat' dir='ltr'>res</span> <span class='ocrx_word' id='word_1_475' title='bbox 500 2292 549 2331; x_wconf 86' lang='lat' dir='ltr'>est</span> <span class='ocrx_word' id='word_1_476' title='bbox 567 2292 641 2330; x_wconf 82' lang='lat' dir='ltr'>five</span> <span class='ocrx_word' id='word_1_477' title='bbox 657 2305 763 2330; x_wconf 89' lang='lat' dir='ltr'>error</span> <span class='ocrx_word' id='word_1_478' title='bbox 784 2292 824 2329; x_wconf 90' lang='lat' dir='ltr'>in</span> <span class='ocrx_word' id='word_1_479' title='bbox 843 2291 979 2329; x_wconf 84' lang='lat' dir='ltr'>litteris</span> <span class='ocrx_word' id='word_1_480' title='bbox 992 2316 1004 2333; x_wconf 87' lang='lat'><em>,</em></span> <span class='ocrx_word' id='word_1_481' title='bbox 1028 2291 1101 2328; x_wconf 81' lang='lat' dir='ltr'>five</span> <span class='ocrx_word' id='word_1_482' title='bbox 1119 2291 1312 2339; x_wconf 84' lang='lat' dir='ltr'>ingenium</span> <span class='ocrx_word' id='word_1_483' title='bbox 1332 2289 1565 2333; x_wconf 75' lang='lat' dir='ltr'>GloffatoriS,</span> <span class='ocrx_word' id='word_1_484' title='bbox 1590 2301 1655 2326; x_wconf 60' lang='lat' dir='ltr'>rea·</span> <span class='ocrx_word' id='word_1_485' title='bbox 1714 2316 1720 2326; x_wconf 65' lang='grc'>,,</span> 
     </span>
     <span class='ocr_line' id='line_1_43' title="bbox 131 2340 1653 2394; baseline -0.005 -10"><span class='ocrx_word' id='word_1_486' title='bbox 131 2343 325 2394; x_wconf 81' lang='lat' dir='ltr'>spicientis</span> <span class='ocrx_word' id='word_1_487' title='bbox 348 2357 402 2392; x_wconf 83' lang='lat' dir='ltr'>pr.</span> <span class='ocrx_word' id='word_1_488' title='bbox 422 2340 562 2385; x_wconf 72' lang='grc' dir='ltr'>ἔθνους,</span> <span class='ocrx_word' id='word_1_489' title='bbox 599 2342 639 2379; x_wconf 87' lang='lat' dir='ltr'>in</span> <span class='ocrx_word' id='word_1_490' title='bbox 668 2353 746 2390; x_wconf 92' lang='lat' dir='ltr'>quo</span> <span class='ocrx_word' id='word_1_491' title='bbox 773 2340 861 2390; x_wconf 84' lang='lat' dir='ltr'>fing.</span> <span class='ocrx_word' id='word_1_492' title='bbox 890 2341 1143 2389; x_wconf 83' lang='lat' dir='ltr'>copulatoque</span> <span class='ocrx_word' id='word_1_493' title='bbox 1163 2340 1251 2377; x_wconf 88' lang='lat' dir='ltr'>fem.</span> <span class='ocrx_word' id='word_1_494' title='bbox 1271 2348 1333 2383; x_wconf 72' lang='grc' dir='ltr'>τῆς</span> <span class='ocrx_word' id='word_1_495' title='bbox 1351 2354 1388 2385; x_wconf 72' lang='grc' dir='ltr'>γ.</span> <span class='ocrx_word' id='word_1_496' title='bbox 1407 2351 1493 2377; x_wconf 84' lang='lat' dir='ltr'>cum</span> <span class='ocrx_word' id='word_1_497' title='bbox 1512 2351 1653 2377; x_wconf 80' lang='lat' dir='ltr'>neutro</span> 
     </span>
     <span class='ocr_line' id='line_1_44' title="bbox 131 2388 1652 2444; baseline -0.008 -7"><span class='ocrx_word' id='word_1_498' title='bbox 131 2400 202 2437; x_wconf 58' lang='grc' dir='ltr'>δᾶν.</span> <span class='ocrx_word' id='word_1_499' title='bbox 228 2393 407 2444; x_wconf 71' lang='lat' dir='ltr'>synthesis</span> <span class='ocrx_word' id='word_1_500' title='bbox 423 2394 474 2430; x_wconf 87' lang='lat' dir='ltr'>est</span> <span class='ocrx_word' id='word_1_501' title='bbox 494 2391 660 2441; x_wconf 81' lang='lat' dir='ltr'>generis,</span> <span class='ocrx_word' id='word_1_502' title='bbox 688 2403 774 2429; x_wconf 86' lang='lat' dir='ltr'>cum</span> <span class='ocrx_word' id='word_1_503' title='bbox 796 2391 837 2427; x_wconf 91' lang='lat' dir='ltr'>in</span> <span class='ocrx_word' id='word_1_504' title='bbox 859 2391 958 2440; x_wconf 79' lang='lat' dir='ltr'>vulg.</span> <span class='ocrx_word' id='word_1_505' title='bbox 981 2389 1023 2427; x_wconf 86' lang='lat' dir='ltr'>fit</span> <span class='ocrx_word' id='word_1_506' title='bbox 1043 2390 1146 2427; x_wconf 76' lang='lat' dir='ltr'>simui</span> <span class='ocrx_word' id='word_1_507' title='bbox 1166 2388 1341 2437; x_wconf 82' lang='lat' dir='ltr'>synthesis</span> <span class='ocrx_word' id='word_1_508' title='bbox 1360 2388 1521 2430; x_wconf 85' lang='lat' dir='ltr'>numeri,</span> <span class='ocrx_word' id='word_1_509' title='bbox 1550 2389 1652 2436; x_wconf 62' lang='lat' dir='ltr'>plur,</span> 
     </span>
     <span class='ocr_line' id='line_1_45' title="bbox 133 2433 1661 2489; baseline -0.007 -4"><span class='ocrx_word' id='word_1_510' title='bbox 133 2447 203 2485; x_wconf 77' lang='grc' dir='ltr'>ὄντ.</span> <span class='ocrx_word' id='word_1_511' title='bbox 223 2447 268 2482; x_wconf 84' lang='lat' dir='ltr'>ad</span> <span class='ocrx_word' id='word_1_512' title='bbox 294 2443 401 2481; x_wconf 83' lang='lat' dir='ltr'>subst.</span> <span class='ocrx_word' id='word_1_513' title='bbox 420 2443 495 2479; x_wconf 92' lang='lat' dir='ltr'>duo</span> <span class='ocrx_word' id='word_1_514' title='bbox 515 2440 645 2479; x_wconf 80' lang='lat' dir='ltr'>diversi</span> <span class='ocrx_word' id='word_1_515' title='bbox 662 2441 766 2478; x_wconf 83' lang='lat' dir='ltr'>sexus</span> <span class='ocrx_word' id='word_1_516' title='bbox 788 2440 924 2481; x_wconf 82' lang='lat' dir='ltr'>relato.</span> <span class='ocrx_word' id='word_1_517' title='bbox 950 2452 989 2478; x_wconf 91' lang='lat' dir='ltr'>et</span> <span class='ocrx_word' id='word_1_518' title='bbox 1006 2451 1145 2476; x_wconf 87' lang='lat' dir='ltr'>neutro</span> <span class='ocrx_word' id='word_1_519' title='bbox 1166 2438 1287 2486; x_wconf 81' lang='lat' dir='ltr'>posito</span> <span class='ocrx_word' id='word_1_520' title='bbox 1306 2433 1408 2476; x_wconf 73' lang='grc' dir='ltr'><strong><em>ἔντων</em></strong></span> <span class='ocrx_word' id='word_1_521' title='bbox 1428 2437 1506 2484; x_wconf 85' lang='lat' dir='ltr'>post</span> <span class='ocrx_word' id='word_1_522' title='bbox 1525 2449 1661 2489; x_wconf 35' lang='lat' dir='ltr'>neutr..</span> 
     </span>
     <span class='ocr_line' id='line_1_46' title="bbox 134 2487 1654 2537; baseline -0.007 -4"><span class='ocrx_word' id='word_1_523' title='bbox 134 2507 174 2533; x_wconf 84' lang='lat' dir='ltr'>et</span> <span class='ocrx_word' id='word_1_524' title='bbox 190 2494 302 2533; x_wconf 55' lang='lat' dir='ltr'>fem„</span> <span class='ocrx_word' id='word_1_525' title='bbox 333 2503 416 2534; x_wconf 83' lang='lat' dir='ltr'>aut,</span> <span class='ocrx_word' id='word_1_526' title='bbox 443 2493 490 2529; x_wconf 84' lang='lat' dir='ltr'>de</span> <span class='ocrx_word' id='word_1_527' title='bbox 511 2492 584 2528; x_wconf 80' lang='lat' dir='ltr'>Ms.</span> <span class='ocrx_word' id='word_1_528' title='bbox 605 2489 773 2531; x_wconf 87' lang='lat' dir='ltr'>ratione..</span> <span class='ocrx_word' id='word_1_529' title='bbox 808 2489 924 2526; x_wconf 62' lang='lat' dir='ltr'>tracia</span> <span class='ocrx_word' id='word_1_530' title='bbox 945 2500 1084 2526; x_wconf 87' lang='lat' dir='ltr'>neutro</span> <span class='ocrx_word' id='word_1_531' title='bbox 1106 2488 1151 2524; x_wconf 84' lang='lat' dir='ltr'>ad</span> <span class='ocrx_word' id='word_1_532' title='bbox 1171 2501 1368 2530; x_wconf 81' lang='lat' dir='ltr'>neutrum,</span> <span class='ocrx_word' id='word_1_533' title='bbox 1403 2498 1578 2537; x_wconf 82' lang='lat' dir='ltr'>tanquam</span> <span class='ocrx_word' id='word_1_534' title='bbox 1605 2487 1654 2527; x_wconf 75' lang='lat' dir='ltr'>ad</span> 
     </span>
     <span class='ocr_line' id='line_1_47' title="bbox 134 2537 1652 2594; baseline -0.005 -14"><span class='ocrx_word' id='word_1_535' title='bbox 134 2543 307 2594; x_wconf 82' lang='lat' dir='ltr'>dignius,</span> <span class='ocrx_word' id='word_1_536' title='bbox 345 2541 451 2579; x_wconf 83' lang='lat' dir='ltr'>cuius</span> <span class='ocrx_word' id='word_1_537' title='bbox 482 2539 628 2590; x_wconf 83' lang='lat' dir='ltr'>generis</span> <span class='ocrx_word' id='word_1_538' title='bbox 645 2550 715 2577; x_wconf 87' lang='lat' dir='ltr'>utr.</span> <span class='ocrx_word' id='word_1_539' title='bbox 743 2539 909 2586; x_wconf 82' lang='lat' dir='ltr'>exempla</span> <span class='ocrx_word' id='word_1_540' title='bbox 935 2551 1016 2576; x_wconf 90' lang='lat' dir='ltr'>non</span> <span class='ocrx_word' id='word_1_541' title='bbox 1042 2537 1194 2575; x_wconf 85' lang='lat' dir='ltr'>aliunde</span> <span class='ocrx_word' id='word_1_542' title='bbox 1222 2548 1410 2578; x_wconf 56' lang='lat' dir='ltr'>notarem3</span> <span class='ocrx_word' id='word_1_543' title='bbox 1450 2537 1489 2574; x_wconf 90' lang='lat' dir='ltr'>in</span> <span class='ocrx_word' id='word_1_544' title='bbox 1515 2541 1562 2584; x_wconf 68' lang='grc' dir='ltr'>ἐξ.</span> <span class='ocrx_word' id='word_1_545' title='bbox 1587 2539 1652 2587; x_wconf 63' lang='lat' dir='ltr'>lig,</span> 
     </span>
     <span class='ocr_line' id='line_1_48' title="bbox 134 2583 1651 2643; baseline -0.005 -12"><span class='ocrx_word' id='word_1_546' title='bbox 134 2595 316 2643; x_wconf 84' lang='lat' dir='ltr'>sequente</span> <span class='ocrx_word' id='word_1_547' title='bbox 348 2593 409 2633; x_wconf 87' lang='grc' dir='ltr'>Ρ.,</span> <span class='ocrx_word' id='word_1_548' title='bbox 451 2602 530 2627; x_wconf 88' lang='lat' dir='ltr'>non</span> <span class='ocrx_word' id='word_1_549' title='bbox 563 2588 654 2626; x_wconf 83' lang='lat' dir='ltr'>item</span> <span class='ocrx_word' id='word_1_550' title='bbox 679 2589 718 2626; x_wconf 86' lang='lat' dir='ltr'>in</span> <span class='ocrx_word' id='word_1_551' title='bbox 750 2589 842 2629; x_wconf 72' lang='lat' dir='ltr'>o&#39;ur..</span> <span class='ocrx_word' id='word_1_552' title='bbox 876 2588 940 2626; x_wconf 88' lang='lat' dir='ltr'>ubi</span> <span class='ocrx_word' id='word_1_553' title='bbox 963 2589 1047 2625; x_wconf 89' lang='lat' dir='ltr'>Sch.</span> <span class='ocrx_word' id='word_1_554' title='bbox 1067 2586 1146 2624; x_wconf 79' lang='lat' dir='ltr'>fere</span> <span class='ocrx_word' id='word_1_555' title='bbox 1172 2599 1256 2623; x_wconf 83' lang='lat' dir='ltr'>curn</span> <span class='ocrx_word' id='word_1_556' title='bbox 1286 2586 1350 2623; x_wconf 83' lang='lat' dir='ltr'>ino</span> <span class='ocrx_word' id='word_1_557' title='bbox 1380 2599 1547 2628; x_wconf 81' lang='lat' dir='ltr'>,‚eorum,</span> <span class='ocrx_word' id='word_1_558' title='bbox 1582 2583 1651 2634; x_wconf 80' lang='lat' dir='ltr'>qui</span> 
     </span>
     <span class='ocr_line' id='line_1_49' title="bbox 126 2635 1656 2695; baseline -0.006 -15"><span class='ocrx_word' id='word_1_559' title='bbox 126 2643 300 2695; x_wconf 78' lang='lat' dir='ltr'>suberant</span> <span class='ocrx_word' id='word_1_560' title='bbox 314 2641 421 2689; x_wconf 84' lang='lat' dir='ltr'>Nigri</span> <span class='ocrx_word' id='word_1_561' title='bbox 444 2641 612 2688; x_wconf 76' lang='lat' dir='ltr'>imperio,</span> <span class='ocrx_word' id='word_1_562' title='bbox 640 2639 752 2684; x_wconf 82' lang='lat' dir='ltr'>(male</span> <span class='ocrx_word' id='word_1_563' title='bbox 770 2637 934 2674; x_wconf 87' lang='lat' dir='ltr'>resoluto</span> <span class='ocrx_word' id='word_1_564' title='bbox 956 2635 1128 2686; x_wconf 84' lang='lat' dir='ltr'>particip.</span> <span class='ocrx_word' id='word_1_565' title='bbox 1151 2648 1217 2687; x_wconf 87' lang='lat' dir='ltr'>per</span> <span class='ocrx_word' id='word_1_566' title='bbox 1235 2648 1346 2683; x_wconf 73' lang='lat' dir='ltr'>pron.v</span> <span class='ocrx_word' id='word_1_567' title='bbox 1365 2636 1470 2674; x_wconf 84' lang='lat' dir='ltr'>sexus</span> <span class='ocrx_word' id='word_1_568' title='bbox 1489 2635 1656 2678; x_wconf 71' lang='lat' dir='ltr'>mascuh.</span> 
     </span>
     <span class='ocr_line' id='line_1_50' title="bbox 135 2685 1675 2739; baseline -0.006 -9"><span class='ocrx_word' id='word_1_569' title='bbox 135 2693 197 2731; x_wconf 81' lang='lat' dir='ltr'>sed</span> <span class='ocrx_word' id='word_1_570' title='bbox 219 2692 258 2729; x_wconf 92' lang='lat' dir='ltr'>in</span> <span class='ocrx_word' id='word_1_571' title='bbox 279 2692 330 2734; x_wconf 74' lang='grc' dir='ltr'>ὁ.)</span> <span class='ocrx_word' id='word_1_572' title='bbox 348 2690 412 2727; x_wconf 92' lang='lat' dir='ltr'>sub</span> <span class='ocrx_word' id='word_1_573' title='bbox 429 2687 599 2739; x_wconf 72' lang='lat' dir='ltr'>potestate</span> <span class='ocrx_word' id='word_1_574' title='bbox 615 2687 640 2728; x_wconf 86' lang='lat' dir='ltr'>s.</span> <span class='ocrx_word' id='word_1_575' title='bbox 660 2687 839 2725; x_wconf 77' lang='lat' dir='ltr'>ditione«</span> <span class='ocrx_word' id='word_1_576' title='bbox 864 2687 1064 2725; x_wconf 81' lang='lat' dir='ltr'>formulam</span> <span class='ocrx_word' id='word_1_577' title='bbox 1091 2685 1291 2736; x_wconf 74' lang='lat' dir='ltr'>ignorante</span> <span class='ocrx_word' id='word_1_578' title='bbox 1308 2687 1387 2732; x_wconf 86' lang='lat' dir='ltr'>Stp.</span> <span class='ocrx_word' id='word_1_579' title='bbox 1404 2687 1503 2727; x_wconf 57' lang='lat' dir='ltr'>Th„</span> <span class='ocrx_word' id='word_1_580' title='bbox 1539 2685 1675 2739; x_wconf 37' lang='lat' dir='ltr'>etiarn‘</span> 
     </span>
     <span class='ocr_line' id='line_1_51' title="bbox 135 2734 1678 2787; baseline -0.005 -8"><span class='ocrx_word' id='word_1_581' title='bbox 135 2756 197 2782; x_wconf 82' lang='lat' dir='ltr'>me</span> <span class='ocrx_word' id='word_1_582' title='bbox 230 2741 406 2782; x_wconf 73' lang='lat' dir='ltr'>anunde.</span> <span class='ocrx_word' id='word_1_583' title='bbox 446 2741 511 2787; x_wconf 87' lang='lat' dir='ltr'>qui</span> <span class='ocrx_word' id='word_1_584' title='bbox 530 2741 645 2775; x_wconf 89' lang='lat' dir='ltr'>modo</span> <span class='ocrx_word' id='word_1_585' title='bbox 675 2738 848 2775; x_wconf 78' lang='lat' dir='ltr'>tenebam</span> <span class='ocrx_word' id='word_1_586' title='bbox 878 2739 957 2775; x_wconf 78' lang='lat' dir='ltr'>Lat.</span> <span class='ocrx_word' id='word_1_587' title='bbox 984 2735 1167 2778; x_wconf 77' lang='lat' dir='ltr'>eandem.</span> <span class='ocrx_word' id='word_1_588' title='bbox 1201 2747 1262 2784; x_wconf 83' lang='lat' dir='ltr'>ap.</span> <span class='ocrx_word' id='word_1_589' title='bbox 1283 2734 1330 2771; x_wconf 79' lang='lat' dir='ltr'>G.</span> <span class='ocrx_word' id='word_1_590' title='bbox 1350 2735 1424 2772; x_wconf 82' lang='lat' dir='ltr'>Th.</span> <span class='ocrx_word' id='word_1_591' title='bbox 1452 2734 1493 2772; x_wconf 85' lang='lat' dir='ltr'>in</span> <span class='ocrx_word' id='word_1_592' title='bbox 1523 2743 1678 2782; x_wconf 67' lang='lat' dir='ltr'>praep-t</span> 
     </span>
    </p>
   </div>
  </div>
 </body>
</html>
