1717 3082
30 104 214 166 >LIBER
231 104 310 148 III.
334 102 461 149 CAP.
485 102 585 147 XV.
611 103 667 148 A.
688 102 746 148 V.
766 100 815 146 C.
844 99 968 156 964.
1002 101 1144 147 CHR.
1164 98 1225 147 N.
1253 112 1313 144 21
1332 112 1375 147 1.
1452 103 1556 154 783

42 217 66 268 ὁ
90 211 140 268 δὲ
168 215 437 278 Ἀντωνῖνος,
461 218 568 266 ἐπεὶ
591 214 654 284 μή
680 234 804 285 πξοε-
849 233 867 265 1
885 234 930 268 2.
964 222 1219 269 Antoninus
1243 230 1416 277 autem,
1451 234 1562 283 quo-

44 382 87 414 τὸ
115 372 201 419 εἶδος
227 381 427 422 ὁμοιότατος
454 377 504 421 τῷ·
538 381 645 421 πατρὶ
673 371 724 417 ἦν.
783 374 882 423 Ergo
912 372 1052 429 milites
1087 374 1263 412 favebant
1291 375 1413 412 Getae
1439 369 1564 421 primo

48 437 204 474 propoer
226 436 369 473 patrem
388 436 426 461 et
440 436 592 472 propter
611 422 827 461 memoriam
849 422 971 471 panis
1003 435 1098 472 quae
1116 436 1201 461 cum
1219 435 1341 460 morte
1361 422 1442 459 eius·
1462 432 1564 459 man.

46 474 114 516 st,
139 487 210 513 nec
240 473 359 512 statim
386 475 560 514 evanuit,
581 474 777 510 sustentata
801 474 962 522 imagine
992 484 1032 510 et
1060 471 1300 528 similitudine
1327 472 1398 508 visa
1427 473 1562 512 Getae,

47 536 162 573 quem
192 524 331 562 deinde
349 524 520 560 amabant
540 522 677 559 milites
696 522 808 560 etiam
838 533 991 587 propter
1016 521 1073 565 se,
1099 534 1138 558 et
1161 522 1246 570 quia
1275 523 1395 570 ipsum
1424 521 1514 557 inde
1539 531 1562 557 a

46 582 166 623 puero
192 572 295 610 fimul
315 574 516 611 educarant
535 584 652 619 aeque
679 584 720 607 ac
739 572 1058 614 Caracauun1‚er
1079 574 1172 609 adeo
1196 582 1302 608 erant
1329 572 1449 608 Getae
1471 568 1564 607 edu·

0 653 1 658 ,
45 634 192 660 catores
211 623 307 677 quasi
330 635 368 660 et
392 633 534 670 patres
560 633 600 658 ut
623 622 718 658 Geta
737 635 865 658 eorum
886 621 982 670 quati
1005 619 1126 664 filius,
1153 623 1326 659 alumnus
1347 630 1385 656 et
1407 618 1565 656 commi·
1615 622 1618 624 ’

0 698 1 723 3
46 671 141 714 lit03
169 671 288 719 qualis
308 671 536 726 neceffitudo
559 671 651 709 solet
671 684 798 720 parere
820 683 1005 709 amorem,
1034 683 1073 708 et
1091 683 1110 706 a
1129 670 1296 707 Nostro'
1287 683 1356 708 ram
1382 680 1563 705 memora-

47 734 83 759 ta
103 721 183 758 est
174 734 213 759 ιιι
234 722 348 758 causis
369 720 505 758 amoris
529 734 559 763 r,
579 735 612 767 4,
634 729 665 761 8
696 732 774 764 1,5,
796 722 924 770 9.1qq.
952 733 983 761 ι,
1003 749 1011 765 f
1002 732 1082 766 ,ς.
1103 731 1142 758 et
1160 732 1384 757 memoratur
1408 729 1563 767 quoque

46 771 144 808 infra
162 775 197 811 6
221 784 255 816 4,
276 785 310 818 4.
336 774 371 814 6,
393 783 427 815 9,
450 783 484 817 4
505 784 536 808 e
550 796 560 812 ‚
585 771 718 817 quibus
747 782 829 808 cum
853 770 1012 807 variatur
1043 782 1107 817 per
1128 783 1160 808 ν.
1178 786 1260 818 arag.
1275 795 1285 813 ,
1309 783 1327 805 a
1352 772 1388 805 P.
1408 780 1562 823 quoque

46 833 114 869 per
132 833 298 857 errorem
320 822 366 857 ad
393 822 568 858 Severum
595 819 776 860 relatum.
804 820 866 857 sed
891 818 930 855 in
961 819 1043 867 pals.
1068 819 1205 863 libere,
1234 830 1277 856 ut
1296 831 1314 855 a
1335 819 1493 857 Strotho
1517 815 1563 854 in
1584 846 1587 849 .

46 870 108 906 a&-
130 881 169 907 et
187 869 275 919 sing.
288 894 298 912 ‚
326 869 424 916 quast
449 867 605 906 confuso
626 885 648 906 αι
673 879 711 905 et
730 885 745 907 ε
765 869 920 913 iterum,
947 868 994 905 cf·
1017 879 1051 916 3,
1074 881 1130 915 14,
1152 882 1211 925 ιο.
1231 871 1383 916 διατρεχ
1397 893 1408 910 ,
1431 879 1501 915 qua
1519 878 1562 903 re

45 920 250 956 carebimus
271 920 384 955 etiarn
403 930 559 973 propter
582 918 701 972 ipsum
721 931 756 954 v.
777 933 881 965 araga,
905 919 1006 967 quod
1029 920 1125 956 bene
1149 918 1191 955 in
1212 919 1417 957 exercitum
1435 929 1474 954 et
1492 914 1564 952 mi-

45 969 132 1006 lites
151 969 356 1011 convenit,
377 980 463 1016 qura
491 968 543 1003 dr.
566 967 698 1010 dens,
725 968 790 1016 qui
817 967 920 1005 simul
949 980 987 1004 et
1011 980 1083 1005 una
1110 980 1193 1005 curn
1216 967 1289 1005 alio
1311 967 1470 1004 educant
1496 964 1563 1002 ali-

46 1029 180 1072 quem,
205 1029 248 1054 ut
264 1018 326 1053 hic
343 1029 424 1054 curn
449 1028 551 1064 patre
571 1028 609 1053 et
627 1017 862 1078 paedagogis
879 1015 1048 1055 nutriciis
1075 1029 1170 1065 que,
1200 1027 1240 1053 et
1266 1016 1400 1053 eodem
1430 1014 1562 1056 modo,

45 1079 123 1116 quo
143 1065 260 1114 simpl.
287 1072 422 1113 τρέφειν
444 1077 508 1102 aut
527 1064 626 1102 aliud
648 1067 814 1115 compos.
838 1066 999 1113 α’γιετςεφ.
1024 1068 1048 1102 1.
1075 1067 1117 1108 1..
1143 1067 1191 1104 cf.
1212 1067 1294 1114 Stp.
1315 1067 1389 1103 Th.
1410 1065 1502 1102 Poll.
1525 1073 1562 1111 3,

48 1127 130 1152 ιιι.
168 1120 203 1158 6,
224 1125 282 1163 3⁰
310 1116 363 1152 N.
387 1127 444 1160 15.
453 1115 517 1150 ad
538 1116 642 1151 Polb.
665 1117 712 1151 T.
741 1126 773 1162 3.
806 1128 842 1163 p.
869 1127 946 1159 ¹92·
975 1128 1022 1151 tn.
1050 1116 1127 1152 Hst.
1157 1116 1278 1153 adAr.
1301 1115 1396 1153 Plut.
1419 1128 1455 1152 v.
1478 1125 1562 1160 279.

45 1165 175 1212 Toup
192 1166 237 1202 ad
257 1163 360 1201 Suid.
380 1174 415 1211 3,
440 1168 519 1200 166.
538 1177 572 1200 e.
592 1163 667 1200 sine
691 1165 770 1201 Ind.
793 1178 814 1200 e
833 1164 950 1200 Diod.
970 1167 1004 1200 S.
1027 1177 1062 1208 2,
1080 1169 1166 1210 609
1186 1166 1211 1201 Ι.
1229 1167 1288 1201 66.
1308 1165 1376 1202 Hs.
1395 1165 1442 1202 ad
1459 1164 1560 1202 Plut.

44 1227 82 1268 p.
106 1219 184 1251 160.
209 1226 256 1250 m.
277 1212 355 1250 Cas.
370 1213 414 1249 ad
431 1213 520 1250 Ath.
544 1224 575 1254 2,
599 1217 679 1259 369.
699 1227 730 1250 e.
753 1223 835 1261 435.
857 1212 880 1249 i.
899 1213 980 1249 lud.
1007 1215 1117 1251 Dem.
1138 1225 1177 1251 et
1203 1216 1303 1251 Mor
1327 1216 1469 1267 Longq
1495 1211 1564 1248 de·-

41 1264 188 1301 serente
207 1265 242 1301 Ρ.
267 1261 381 1299 etiam
398 1263 483 1300 Sch.
503 1264 723 1303 „educarent
741 1275 806 1300 eos
826 1264 907 1299 inde
928 1275 946 1299 a
960 1272 1041 1312 ptm
1031 1264 1155 1299 fitia«
1175 1263 1288 1300 etiam
1308 1265 1396 1312 Bg.
1409 1245 1489 1311 qui
1513 1261 1560 1299 ad

39 1314 134 1355 lewe
153 1316 191 1356 δὴ
204 1312 302 1350 nihil
318 1311 505 1368 corrigere
521 1312 683 1355 videtur,
711 1312 772 1349 sed
786 1312 902 1350 modo
921 1313 966 1349 ad
985 1313 1056 1350 adi.
1075 1312 1303 1350 extrinsecus
1318 1313 1460 1350 sumere
1482 1323 1561 1366 par·

40 1363 192 1400 ticulam
212 1366 276 1403 ὥς,
298 1373 339 1398 et
356 1360 570 1409 opprimere
589 1361 652 1405 δη,
680 1372 723 1399 ut
748 1362 857 1404 aiibi,
885 1362 991 1410 quod
1014 1362 1117 1400 tollit
1142 1363 1216 1403 Ms
1238 1361 1373 1398 iterum
1393 1362 1471 1410 post
1493 1357 1560 1397 aii-

41 1412 146 1458 quod
168 1413 338 1451 verbum,
363 1411 411 1447 cf.
433 1423 464 1453 ι,
479 1422 534 1454 ι7,
559 1419 591 1453 8.
609 1424 638 1448 e.
655 1435 666 1454 ,
694 1410 794 1448 forte
815 1411 920 1460 quod
939 1411 1125 1449 Gloffator
1145 1424 1225 1449 non
1246 1411 1439 1460 capiebat,
1465 1409 1560 1466 quid

40 1459 262 1512 significaret
285 1459 348 1496 hic
366 1459 448 1508 post
466 1459 537 1496 adi.
549 1486 561 1503 ‚
588 1472 754 1508 quocum
774 1473 843 1510 ego
864 1461 1016 1510 quidem
1038 1474 1116 1498 non
1135 1461 1342 1502 junxerim
1371 1459 1450 1509 <effi
1471 1458 1562 1496 alibi

39 1509 90 1549 fic
108 1511 224 1552 stans,
247 1510 298 1547 cf.
317 1509 362 1546 ad
366 1473 482 1547 ΡΧειι.
507 1511 559 1547 Μ.
585 1512 623 1546 S.
647 1523 681 1553 2,
706 1523 738 1552 1,
761 1523 820 1556 24.
842 1511 866 1546 i.
888 1512 947 1547 ed.
970 1512 1056 1548 Ern-
1076 1522 1114 1548 et
1132 1511 1230 1548 Was.
1249 1512 1294 1548 ad
1314 1511 1433 1547 Thuc.
1465 1522 1487 1557 p

33 1559 90 1599 N.
109 1560 162 1603 9.)
190 1558 249 1596 sed
272 1568 357 1596 curn
375 1571 429 1608 pr.
449 1557 525 1602 ἔτι,
554 1572 621 1607 pro
640 1560 716 1596 Lat.
732 1559 893 1610 scilicet,
920 1572 938 1596 a
961 1572 1038 1609 quo
1059 1559 1287 1607 interpostis
1307 1560 1390 1597 aliis
1415 1521 1560 1596 dirimi-

39 1621 101 1648 tur
119 1608 201 1650 hic,
228 1620 274 1646 ut
293 1620 378 1645 cum
407 1609 459 1647 ἵνα
479 1612 514 1652 6,
543 1622 575 1655 5
603 1617 658 1650 18.
679 1619 718 1646 et
735 1622 818 1646 cum
839 1614 881 1651 ὡς
904 1622 936 1653 5,
958 1615 993 1653 6,
1019 1613 1070 1645 16.
1095 1623 1127 1646 e.
1140 1634 1151 1652 ‚
1175 1611 1338 1646 locatum
1365 1609 1457 1645 adeo
1481 1607 1561 1655 post

39 1659 198 1698 verbum
217 1657 391 1706 aliquod,
415 1658 610 1704 hicum-11,
637 1671 680 1696 ut
698 1657 785 1696 alias
806 1657 886 1706 post
901 1658 995 1701 alia·
1021 1671 1094 1706 qua
1117 1658 1393 1721 interpretandi
1411 1657 1561 1694 ratione

38 1708 142 1745 forte
162 1719 241 1745 ιιοιι
263 1707 304 1744 fit
323 1706 518 1744 necessaria
538 1708 721 1744 medicina
742 1708 843 1750 haec,
863 1719 908 1744 ut
928 1709 1070 1755 tegatur
1088 1720 1157 1755 pro
1175 1720 1221 1743 eo
1242 1704 1450 1762 ›1'3mquod
1472 1705 1560 1754 quis

39 1757 205 1812 reperiat
225 1757 265 1793 in
286 1759 323 1794 P.
344 1757 444 1796 „iarn
464 1757 545 1793 inde
562 1770 580 1792 a
597 1767 665 1805 pue
670 1758 790 1793 ritia‘t
810 1768 919 1805 quam
940 1757 1156 1804 particulam
1178 1757 1328 1794 solent
1319 1771 1358 1794 ιιι
1379 1756 1442 1793 tali
1465 1766 1561 1793 tem-

40 1805 142 1855 poris
160 1805 318 1843 formula
338 1805 472 1842 addere
493 1808 593 1848 Lat„
622 1805 668 1841 cf.
690 1807 736 1842 G.
754 1806 826 1841 Th.
846 1819 879 1841 v.
899 1821 922 1843 a
944 1817 978 1850 ς,
1004 1818 1058 1842 10.
1081 1805 1158 1862 sqq
1182 1817 1221 1843 et
1239 1819 1274 1841 v.
1298 1807 1368 1843 iam
1390 1818 1475 1852 949,
1498 1817 1560 1860 29.

41 1856 93 1904 sq
106 1880 116 1897 ‚
143 1857 245 1892 unde
265 1854 433 1891 sumserit
456 1855 513 1891 vei
535 1856 574 1891 P.
598 1854 728 1898 libere,
749 1856 808 1892 vel
827 1855 961 1892 Noster
979 1856 1051 1891 ab
1044 1856 1167 1898 initio,
1194 1853 1219 1891 Γι
1239 1857 1364 1894 Nostri
1387 1856 1449 1897 est,
1470 1853 1557 1902 quia

39 1917 120 1943 non
139 1903 369 1965 deprehendi
391 1916 476 1941 cum
500 1905 565 1940 Gr.
591 1903 753 1942 formula
780 1910 816 1942 ἐκ
847 1921 884 1941 π.
903 1915 968 1940 aut
993 1904 1123 1947 fimiii,
1149 1917 1221 1941 nec
1247 1918 1334 1942 cum
1360 1905 1449 1943 Rsk.
1470 1904 1558 1941 adv.

39 1953 222 2003 temporis
240 1953 314 1996 ἀεὶ,
340 1954 442 2001 quod
462 1966 526 2002 per
544 1953 578 1990 ie
596 1954 650 1989 val
656 1955 701 1990 ie
721 1953 925 1995 blanditur,
953 1964 993 1990 et
1011 1967 1097 1990 cum
1114 1959 1151 1995 δὴ
1171 1955 1372 2010 confusum
1387 1953 1456 1990 effe
1474 1965 1560 2002 pot-

40 2004 105 2048 est,
132 2013 174 2040 ut
193 2003 334 2050 reliqua
354 2015 432 2038 erus
453 2015 515 2039 cor
502 2002 634 2038 reffio
654 2003 704 2039 est
721 2002 744 2038 li
738 2003 875 2039 ·berior
892 2014 932 2040 et
950 2002 1051 2040 forte
1069 2017 1151 2041 curn
1173 2004 1267 2041 vitio
1288 2005 1378 2042 mihi
1399 2005 1443 2041 ab
1461 2015 1558 2040 uxo-

39 2067 81 2090 re
98 2052 239 2100 alioqui
264 2051 461 2088 doffiffma
487 2051 578 2088 oiim
605 2051 827 2094 transmissa,
852 2066 919 2100 pro
943 2053 1053 2096 ἴσους,
1073 2064 1180 2103 pates
1201 2054 1240 2090 in
1261 2055 1418 2090 omnibus
1440 2053 1560 2093 rebus,

40 2102 92 2139 cf.
114 2115 149 2143 2,
175 2113 269 2145 ις.
252 2128 284 2138 -.
277 2127 306 2143 .,
330 2101 466 2149 quibus
487 2102 582 2137 addo
607 2100 668 2137 hic
689 2102 736 2138 ob
758 2101 881 2138 affinia
903 2104 1010 2139 verba
1030 2115 1073 2138 ex
1092 2106 1174 2140 ind.
1192 2104 1307 2140 Diod.
1331 2107 1363 2141 S.
1387 2108 1424 2140 ἐκ
1439 2107 1558 2145 νηπίου

41 2148 300 2198 συντρεφομένοι
321 2155 398 2191 ταῖς
418 2155 621 2196 γεωργικαῖς
649 2156 856 2196 ἐπιμελείαις
876 2151 915 2188 it.
938 2164 958 2188 e
977 2153 1223 2198 Dem.1486,
1247 2163 1280 2195 8
1309 2158 1340 2192 ἓν
1365 2156 1558 2198 ἔξγαςηςίῳ

37 2205 277 2257 τεθραμμένων
305 2205 342 2238 ἐκ
359 2204 498 2242 παιδὸς,
528 2200 715 2248 spetiante
740 2200 815 2236 huc
836 2200 881 2235 ad
900 2203 990 2237 Luc.
1017 2215 1054 2242 2,
1077 2207 1159 2250 536.
1192 2204 1241 2238 N.
1266 2206 1326 2247 76.
1353 2201 1416 2238 ubi
1446 2202 1558 2238 Gs.a
1600 2205 1605 2207 “

64 2249 162 2288 ueris
180 2251 283 2292 inde,
311 2250 494 2290 leverior,
521 2261 631 2297 quarn
652 2251 713 2298 {hg
737 2262 757 2285 e
777 2250 840 2292 R,
868 2262 951 2286 cum
973 2262 1012 2286 et
1030 2254 1108 2288 Lar.
1134 2253 1318 2294 habeant,
1345 2251 1394 2287 cf.
1414 2250 1462 2286 G.
1480 2213 1558 2286 Tha.

53 2328 63 2338 .
84 2300 109 2337 l.
160 2302 201 2336 ln
231 2299 340 2336 altera
360 2311 447 2336 vero
478 2299 637 2334 leffione
658 2300 755 2340 Ms.‚
781 2299 878 2336 ambi
871 2311 954 2348 ¹gue
981 2301 1134 2348 scripta,
1161 2313 1204 2338 ut
1233 2301 1341 2342 alibi,
1366 2300 1464 2338 nihil
1491 2299 1557 2340 est,

64 2362 147 2388 uam
167 2349 331 2386 solennis
354 2360 456 2385 error
475 2348 512 2384 in
532 2365 556 2384 ω
578 2358 616 2383 et
634 2365 671 2385 ov
684 2369 695 2386 ι
723 2360 766 2385 ut
784 2349 843 2385 vel
861 2361 1063 2386 contextus
1052 2315 1192 2387 pciama
1198 2361 1232 2392 t,
1264 2351 1376 2388 etiam
1399 2349 1474 2386 sne
1493 2361 1558 2385 au-

72 2399 209 2436 oritate
231 2399 320 2435 Mss.
342 2398 404 2435 rel,
398 2420 423 2436 ,.
449 2400 512 2444 qui
535 2408 574 2433 et
593 2409 722 2434 contra
742 2397 888 2434 tertiam
912 2410 1082 2446 pugnant
1102 2400 1310 2436 novitatem
1331 2402 1369 2437 in
1384 2399 1453 2441 aa),
1476 2397 1555 2462 post

33 2445 103 2490 ἔτι,
131 2461 198 2496 pro
217 2449 338 2488 ctiam,
365 2458 409 2483 ut
429 2446 549 2493 saepe,
571 2447 654 2483 addi
661 2458 714 2487 t,o
741 2447 802 2483 sed
825 2447 884 2483 hic
907 2449 1186 2494 praecedente
1178 2462 1215 2484 ιιι
1239 2449 1372 2485 vicinia
1401 2449 1476 2485 alio
1495 2466 1551 2490 και

35 2498 111 2534 alio
138 2509 229 2545 que
234 2496 361 2538 sensu,
389 2509 454 2543 per
472 2498 508 2533 se
537 2508 580 2531 ex
599 2498 741 2544 analog
763 2497 910 2534 iliorum
942 2499 996 2539 xes.)
1024 2501 1061 2541 δὴ
1091 2498 1163 2541 καὶ,
1191 2497 1231 2534 it
1254 2500 1308 2540 κκὶ
1332 2506 1394 2544 μὴν
1413 2499 1488 2541 xa),
1512 2498 1560 2535 ir.

33 2543 92 2590 κοιῖ
111 2561 163 2585 τοι
180 2545 245 2602 ,καλ
263 2558 336 2582 etc.
349 2544 484 2587 ‚nihil
505 2545 578 2581 talc
597 2558 667 2581 nec
686 2548 871 2593 prodente
891 2548 928 2582 P.
959 2560 1021 2594 per
1044 2550 1142 2583 hanc
1167 2548 1317 2595 quidem
1345 2550 1553 2597 regionem,

32 2595 217 2633 tamenin
238 2595 287 2639 sq.
307 2596 497 2636 membro,
521 2593 584 2631 ubi
605 2607 694 2632 vero
720 2596 837 2633 libere
855 2608 1010 2643 quoquc
1030 2597 1144 2633 habet
1160 2597 1342 2634 adieaum
1372 2612 1478 2645 pron.
1502 2598 1551 2634 ax

30 2655 156 2682 terum
179 2648 298 2687 acro),
325 2645 465 2684 „etiam
495 2642 560 2691 ipsi
584 2653 708 2692 parem
732 2645 883 2691 utrique
902 2647 1040 2680 obed.—
1059 2648 1171 2682 exhib.
1175 2655 1204 2673 ((-
1229 2647 1332 2684 unde
1351 2648 1469 2685 servat
1485 2650 1551 2697 Eg.

26 2693 112 2732 Lat.
133 2695 191 2743 adt
202 2706 239 2731 v.
255 2709 337 2741 παρ
351 2714 363 2732 ›
385 2692 436 2730 cf.
467 2705 499 2737 1,
524 2706 559 2734 2,
585 2705 615 2739 ς.
607 2719 640 2738 .,
666 2694 767 2732 etad
794 2693 900 2734 subst
923 2693 979 2733 ὄπ·
991 2719 1003 2737 ,
1028 2694 1078 2732 cf.
1102 2697 1179 2744 sym
1198 2696 1244 2732 ad
1274 2707 1308 2745 3,
1334 2709 1392 2737 ιι,
1417 2709 1476 2735 ιο
