1727 3157
138 109 202 166 46
296 107 464 153 LIBER
481 106 531 152 11.
570 105 691 151 CAP.
713 105 767 150 11.
810 105 935 150 ΑΝ.
961 106 1006 152 c.
1030 108 1140 166 946.
1174 107 1390 152 CHRN.
1422 121 1528 166 193.

128 225 246 289 ,φόνι
298 222 447 279 ἄλλος
473 233 523 285 0,
589 223 703 272 ἀλλ’
744 219 878 277 αὐτὸς
914 228 1062 274 mortis
1083 243 1198 273 nemo
1220 223 1354 290 alius,
1388 221 1478 293 sed
1493 221 1663 294 ipsemet

137 300 290 365 „minz
305 305 338 348 P.
393 295 763 362 συμβουλεύουσι
778 294 876 365 γοδς
924 317 1003 357 13.
1038 300 1142 371 sthi.
1241 296 1519 351 Suadentibus
1557 302 1665 351 enim

136 376 267 442 3,ἡμῖν
295 375 378 424 αἰεὶ
397 387 417 420 q
444 371 508 423 τοὶ
538 371 682 443 οἵςιςα
709 372 781 436 ’καὶ
796 392 879 421 σω-
917 375 1039 425 nohis
1070 378 1106 424 ei
1148 377 1311 444 oplima
1330 374 1503 446 semper
1533 376 1662 446 etsu-

137 450 294 522 υτήξιοι.
321 463 364 511 1‘,
404 452 461 506 οἷς
496 448 559 515 μή
600 448 879 515 πειθόμενος,
915 451 1100 514 hilaria,
1148 452 1211 501 ln’s
1243 470 1328 501 non
1360 451 1661 521 obtemperans,

137 605 144 623 :
229 582 268 626 ο)
293 579 408 624 601οη
429 578 482 610 hic
511 579 546 611 in
566 580 615 612 Μ.
636 580 713 617 Ba..
748 579 800 612 sed
826 581 918 616 ἄλλος
937 580 1088 613 omiffum
1116 579 1236 612 vitiose
1258 581 1290 612 in
1313 581 1385 612 Par.
1409 587 1440 612 1.
1516 579 1556 624 p)
1579 581 1661 618 αὗτῼ

136 636 198 669 per
210 627 364 657 lenemin
377 628 423 658 Μ.
439 624 491 655 Vi.
505 625 544 656 it.
557 626 610 656 ed.
625 626 664 656 A.
679 620 721 656 al.
737 635 769 656 ν.
782 625 827 657 N.
875 627 912 667 q)
933 627 979 657 M.
992 627 1045 657 Ba.
1061 624 1193 666 ἆεὶαῦτῷ
1203 630 1245 657 τὸ
1257 629 1321 670 ἀφ,
1340 624 1393 656 sed
1404 624 1451 657 M.
1461 624 1514 656 Vi.
1527 633 1661 657 tantum

137 676 184 704 ἀεὶ
208 681 240 702 ν.
252 669 298 702 N.
366 670 398 714 r)
423 670 466 701 M.
483 670 535 701 Ba.
547 672 677 712 σωτήρια
689 682 697 691 ·
725 667 768 705 οἷς
786 679 817 705 λ,
831 680 866 703 et
875 669 917 703 fic
936 670 980 703 est
997 671 1100 703 colon
1121 671 1221 702 etiam
1239 670 1311 713 post
1330 668 1547 709 {uctffiMarn
1566 680 1601 702 v.
1614 665 1660 702 N.

136 767 304 811 nostrum
323 770 451 806 locum
474 767 561 807 Abr.
581 769 626 807 ad
642 769 775 806 Aesch.
802 782 832 813 1,
846 777 929 818 300.
942 785 977 808 e.
999 777 1037 806 et
1056 770 1165 816 659.i.
1185 781 1340 817 propter
1357 776 1450 809 ἀλλὰ
1465 770 1544 819 post
1555 763 1660 812 blame

134 835 207 872 pro
228 821 306 859 ἀλλ’
328 815 346 863 ι’)
375 831 438 856 aut
468 820 584 867 iimpl.
605 814 646 862 i),
682 819 728 856 cf.
751 820 836 856 Ern.
867 821 913 858 ad
940 822 1056 858 Hom.
1076 816 1144 857 Ὀδ.
1164 817 1212 864 γ’,
1231 831 1335 866 377..
1372 831 1437 857 aut
1463 833 1530 868 pro
1553 825 1581 858 el
1599 825 1662 865 μὴ,

133 873 218 919 Lat.
239 871 325 917 nisi,
356 882 391 906 v.
413 868 454 905 L.
476 870 526 907 N.
552 871 600 905 T.
623 870 712 906 Krb.
734 882 768 916 p.
783 873 841 916 36.
855 883 904 906 m.
924 870 1064 915 Nr.4)‚
1093 879 1304 917 quanquam
1324 868 1406 910 hic,
1435 871 1595 906 relatum
1617 869 1662 905 ad

133 927 194 973 pr.
214 925 294 964 οὐκ,
326 931 474 956 manere
498 928 567 967 pro
587 918 815 955 adversativa
835 920 976 966 potest,
1001 931 1040 955 et
1059 931 1143 955 cum
1165 918 1226 967 Bg.
1247 932 1268 955 e
1287 919 1328 955 P.
1349 917 1494 961 servari,
1521 916 1570 953 cf.
1587 918 1662 954 Ga·

134 968 215 1009 tak.
236 970 284 1006 de
304 968 384 1005 stilo
406 968 455 1005 N.
469 970 516 1005 T.
537 981 639 1005 c.22.
660 981 694 1016 p.
713 980 794 1004 122.
808 970 856 1006 G.
878 973 1008 1017 (quem
1037 978 1077 1006 et
1105 968 1334 1015 excerpserat
1357 968 1482 1003 Leisn.
1513 968 1553 1004 in
1572 967 1660 1003 Vol.

135 1020 297 1069 aliquo.)
320 1019 382 1054 ubi
395 1017 522 1054 Nostri
540 1017 649 1054 locus
667 1019 825 1054 vertitur
845 1018 901 1054 bis
927 1016 1061 1066 „causa
1077 1017 1207 1054 mortis
1227 1017 1424 1053 huiusmodi
1441 1017 1565 1053 nullus
1576 1015 1660 1062 suit

134 1067 253 1111 alius,
280 1068 351 1114 ”fi
370 1066 536 1115 ipsest'bi.
555 1087 592 1095 -
624 1068 850 1116 Quanquam
877 1080 957 1104 non
979 1070 1138 1106 deerunt
1165 1067 1285 1108 forte,
1324 1066 1388 1114 qui
1415 1064 1548 1103 diclux-i
1575 1065 1660 1108 lint,

131 1117 228 1158 Σελλοὶ
247 1118 323 1154 istic
345 1116 384 1153 in
404 1116 538 1153 usitato
559 1115 762 1167 significatu
782 1116 969 1158 adhiberi,
995 1130 1034 1154 et
1052 1116 1188 1152 subess'e
1209 1114 1355 1163 ellipsin
1373 1116 1546 1164 aliquam.
1572 1127 1605 1162 q.
1621 1115 1660 1151 d.
1717 1151 1719 1153 ,

132 1168 262 1205 mortis
284 1165 450 1203 eiusmodi
470 1165 525 1202 illi
544 1178 696 1202 autor-
716 1166 767 1202 ita
786 1167 888 1202 enim
904 1167 1028 1203 malim
1039 1166 1144 1207 αἴτιος
1157 1191 1167 1207 ,
1195 1178 1303 1213 quain
1315 1164 1418 1214 causa
1438 1164 1656 1207 reddere,-

133 1230 234 1256 nemo
255 1218 348 1254 alius
371 1215 462 1252 fuit:
492 1215 559 1264 sed
579 1216 656 1262 ipse
662 1215 736 1261 fibi
755 1215 895 1252 scilicet
910 1227 1016 1252 autor
1037 1217 1207 1252 extitit.“

186 1269 265 1311 αἰεὶ)
294 1265 337 1302 ln
357 1264 444 1301 Mss.
467 1265 590 1307 nihil,
617 1277 726 1312 quam
746 1265 889 1312 glossae,
917 1264 1032 1313 prima
1053 1263 1094 1300 in
1116 1263 1270 1311 expleto
1289 1264 1517 1311 pron-admi,
1545 1262 1661 1311 quod,

136 1325 220 1355 :non
243 1317 412 1364 agnitum
433 1328 451 1350 a
472 1312 535 1357 Ρ..
572 1315 617 1352 ad
648 1316 796 1361 plenam
823 1315 1047 1353 sententiam
1070 1313 1182 1350 etiam
1203 1317 1265 1361 Bg.
1299 1312 1426 1354 addit,
1463 1311 1599 1349 Nostro
1619 1312 1659 1349 id

136 1366 365 1406 omittente,
391 1364 504 1400 credo
518 1385 528 1402 ι
559 1374 639 1400 tum
657 1364 760 1412 quod
780 1364 892 1401 facile
913 1375 1040 1402 mente
1058 1362 1219 1411 suppleri
1241 1362 1377 1409 posset,
1409 1373 1490 1399 tum
1510 1374 1560 1398 ne
1579 1359 1660 1409 post

135 1416 172 1466 §-
193 1427 247 1463 pr.
265 1415 402 1451 iterum
424 1412 582 1455 rediret,
618 1413 712 1450 ficut
740 1426 822 1451 non
844 1414 952 1450 facile
981 1417 1031 1452 ob
1051 1413 1282 1449 vicinitatem
1303 1411 1465 1454 excidit,
1497 1412 1558 1449 sed
1586 1412 1660 1447 iam

140 1478 176 1508 1,
198 1477 231 1510 9,
255 1473 310 1509 15.
332 1463 376 1499 ad
397 1466 459 1500 εῠν.
481 1476 501 1498 a
521 1463 596 1500 Ms.
623 1463 828 1500 obtrusum.
880 1467 954 1501 Sed
974 1465 1088 1501 altera
1109 1461 1220 1511 glossa
1237 1458 1357 1498 multo
1379 1459 1567 1497 manifesta
1587 1469 1662 1496 ma·
1726 1470 1727 1497 l

136 1517 195 1564 gis
218 1512 258 1549 in
287 1513 391 1554 adv..
427 1517 471 1548 u't
494 1525 548 1558 ap.
573 1512 657 1549 Hes.
684 1524 714 1551 1.
738 1524 817 1558 147.
839 1525 871 1549 e.
902 1519 988 1554 αἰεὶ,
1022 1518 1097 1554 ἀεὶ,
1129 1523 1214 1547 curn
1235 1510 1371 1547 Noster
1395 1511 1435 1547 in
1463 1510 1528 1547 usu
1558 1512 1659 1546 vocis

135 1565 238 1612 vulg.
263 1563 432 1600 imitetur
453 1573 570 1609 aeque
599 1561 806 1608 prosaicos,
847 1574 887 1598 ac
906 1568 1057 1610 poetas,
1090 1573 1124 1597 v.
1157 1559 1236 1596 lnd.
1258 1560 1380 1596 Thuc.
1409 1571 1444 1596 v.
1467 1564 1520 1598 ἀεὶ
1549 1571 1588 1596 et
1614 1559 1660 1596 ad

133 1625 225 1650 eum
244 1625 280 1660 p.
296 1621 377 1653 208.
398 1613 517 1655 N.76.
544 1612 690 1648 D’Orv.
713 1611 778 1648 Cb.
801 1624 836 1658 p.
864 1622 943 1659 133.
965 1625 1022 1653 e..
1049 1612 1094 1648 ad
1112 1612 1203 1648 Luc.
1219 1623 1253 1651 2,
1274 1614 1356 1646 206.
1383 1610 1501 1656 N.33.
1523 1621 1659 1657 [ιρις.

134 1663 190 1701 Ν.
205 1675 261 1707 7¹·
276 1688 286 1705 ,
315 1662 361 1698 ad
380 1659 535 1698 Herodt.
557 1671 685 1708 p.353.
707 1661 755 1698 N.
771 1667 826 1697 16.
852 1662 892 1698 it.
917 1669 1046 1709 p.738.
1065 1661 1113 1698 N.
1131 1673 1184 1704 ¹9·
1205 1671 1263 1700 es,
1286 1657 1349 1695 ubi
1368 1657 1444 1695 fine
1455 1660 1538 1696 Var.
1553 1660 1592 1695 L..
1608 1657 1660 1695 est

139 1723 225 1758 147,
248 1720 303 1758 35.
317 1737 330 1753 ,
366 1709 427 1748 sed
451 1720 515 1758 pro
535 1715 601 1748 αἰεὶ
631 1710 671 1747 in
692 1720 798 1748 textu
815 1711 930 1748 variat
945 1723 1103 1760 quoque
1123 1715 1176 1749 ἀεὶ
1197 1721 1263 1756 per
1282 1708 1430 1757 gloss'am
1457 1721 1515 1756 ap.
1535 1709 1660 1745 Thuc.

139 1765 224 1803 162,
248 1772 302 1805 ¹9·
331 1768 416 1802 208.
436 1764 496 1804 76.
525 1772 607 1804 2¹9·
629 1772 690 1806 9¹·
717 1771 794 1806 225,
809 1770 868 1807 34.
889 1773 968 1807 57„
1007 1770 1137 1796 contra
1165 1764 1229 1795 αἰεὶ
1261 1767 1327 1805 pro
1347 1764 1475 1794 textus
1502 1760 1553 1794 ἀεὶ
1575 1769 1661 1802 257,

136 1819 195 1858 33.
209 1835 220 1852 ‚
248 1809 425 1846 censente
443 1806 622 1846 Schurzfl.
642 1810 686 1846 ad
707 1808 828 1856 Long.
846 1822 881 1857 p.
896 1822 951 1855 57.
971 1823 1020 1846 m.
1045 1808 1224 1850 „Atticos
1237 1808 1387 1844 demum
1402 1819 1468 1855 pro
1479 1810 1662 1843 aiszcom-

134 1859 244 1898 muni
265 1858 387 1895 dicere
409 1858 569 1906 coepisse
590 1864 674 1896 ἀεὶίῐ
702 1858 749 1894 cf.
769 1860 824 1895 Fi.
847 1859 978 1896 Aesch.
1003 1868 1035 1905 3,
1063 1870 1116 1895 ιι.
1137 1871 1167 1895 e.
1195 1868 1281 1893 cum
1299 1855 1381 1894 Iud.
1396 1882 1406 1899 ,
1429 1855 1493 1892 sed
1517 1854 1595 1892 fine
1612 1868 1659 1892 eo

134 1922 194 1957 ap.
215 1911 309 1946 xen.
332 1907 437 1957 Ages.
447 1908 557 1945 Bach.
573 1920 630 1951 11,
655 1921 708 1944 12.
729 1922 800 1949 m..
828 1908 934 1947 Polb.
945 1910 992 1945 T.
1007 1918 1039 1954 3.
1060 1918 1167 1956 p.37.
1181 1919 1230 1942 m.
1252 1907 1337 1942 Exc.
1359 1919 1380 1943 e
1402 1905 1425 1942 l.
1444 1913 1501 1941 10.
1513 1917 1547 1942 e.
1564 1905 1660 1942 Phil.

135 1958 180 1996 in
199 1961 316 1995 Flacc.
337 1971 373 2006 p.
393 1961 473 2003 756.
495 1957 568 1994 ult.
607 1959 717 1994 Dem.
742 1970 799 2000 ιι,
820 1970 878 1994 22.
909 1969 965 2006 13,
984 1970 1016 2003 9.
1044 1968 1085 1994 et
1107 1969 1158 1993 12.
1196 1967 1252 2000 15,
1272 1959 1329 1992 16.
1366 1962 1427 1995 20,
1448 1966 1482 1996 7.
1515 1965 1574 1996 22,
1595 1954 1658 2002 '230

134 2020 200 2053 27,
222 2020 256 2054 5.
286 2018 344 2055 37.
365 2019 418 2052 ¹7·
448 2020 509 2052 42,
527 2007 596 2043 ult.
617 2016 656 2043 et
674 2016 735 2053 43,
750 2017 829 2052 17.‚
856 2007 919 2045 sed
936 2018 1064 2045 tamen
1082 2017 1122 2044 et
1138 2011 1189 2044 ἀεὶ
1211 2016 1271 2052 49,
1288 2016 1341 2050 ¹9·
1373 2016 1432 2050 50,
1456 2016 1489 2049 5.
1518 2016 1576 2050 51,
1599 2005 1658 2042 26.

135 2069 201 2107 57,
220 2070 278 2104 24.
307 2060 367 2098 ὅς,
388 2066 420 2103 3.
439 2063 478 2092 et
501 2067 532 2099 5.
560 2060 620 2099 68,
647 2064 702 2097 18.
721 2067 794 2093 etc.
1660 2084 1665 2089 ,

185 2103 233 2148 οῖς
249 2113 292 2151 μὴ
314 2107 365 2151 τ.)
391 2104 591 2143 Redundat
610 2103 666 2148 οἷς.
690 2106 807 2155 Steph.
859 2105 1154 2156 Expungendum
1175 2102 1245 2147 οἷς,
1271 2113 1316 2140 ut
1334 2101 1573 2150 superfluum,
1596 2099 1661 2139 vel

135 2156 316 2196 enclitice
337 2154 539 2205 legendum
560 2151 710 2201 σωτῆςιᾶ
731 2162 782 2197 οἱ,
809 2156 833 2191 i.
848 2169 881 2192 e.
898 2155 991 2204 adri-93
1002 2181 1012 2198 ,
1038 2157 1071 2190 ei
1080 2155 1290 2204 salutaria,
1325 2162 1368 2189 ut
1389 2152 1567 2189 schottus
1595 2151 1659 2188 ad-

134 2216 258 2245 notat.
272 2206 364 2253 Sylb.
418 2206 537 2254 Bergl.
562 2206 738 2252 exprimit
756 2204 847 2243 illud
857 2204 921 2248 οἷς.·
971 2206 1042 2242 Sed
1058 2205 1132 2240 hoc
1142 2201 1345 2240 delendum
1365 2200 1527 2250 videtur.
1556 2202 1657 2238 Tum

134 2264 239 2294 certe
266 2251 473 2303 elegantior
501 2252 574 2291 erit
599 2254 848 2296 mustra-fiio,
883 2267 922 2291 et
943 2255 1096 2294 mollius
1119 2252 1212 2289 fluet
1235 2252 1370 2288 oratio,
1397 2248 1512 2287 Leisn.
1558 2251 1660 2288 Dele

139 2306 212 2349 οἷς,
245 2303 378 2342 vitiose
394 2303 619 2341 redundans.
647 2301 763 2341 Reisk.
812 2304 906 2341 Illud
923 2303 969 2346 οἷς
989 2303 1192 2341 delendum
1210 2302 1373 2339 videtur.
1398 2300 1534 2337 Stroth.
1581 2340 1586 2345 ,

238 2354 386 2400 Leisn.,
415 2353 455 2389 in
475 2356 540 2402 Bg.
561 2354 634 2391 Ms.
652 2354 709 2390 his
728 2351 836 2390 uncis
860 2354 1080 2394 includens,
1105 2353 1145 2388 in
1167 2358 1277 2399 marg.
1290 2351 1362 2387 Ox.
1381 2350 1518 2387 iterum
1538 2350 1658 2390 „dele

138 2404 232 2444 illud
253 2400 329 2446 οἷό(
356 2401 419 2440 sed
439 2401 524 2440 Sch.
553 2402 760 2445 „dubium,
796 2413 842 2440 an
871 2401 915 2439 fit
945 2403 1070 2444 maso,
1102 2413 1196 2438 num
1215 2411 1339 2437 neutr.
1362 2399 1493 2448 Steph.
1517 2398 1658 2442 censet,

137 2454 300 2492 omnino
320 2452 558 2490 redundare“
585 2464 664 2500 quo
685 2452 768 2500 quis
788 2453 825 2489 se
844 2452 1023 2489 facillime
1038 2446 1214 2499 expediat
1227 2474 1239 2491 ,
1260 2458 1305 2486 ut
1323 2457 1362 2485 et
1379 2460 1445 2496 per
1463 2447 1557 2485 illud
1575 2461 1656 2490 ure.

138 2501 219 2548 seca
232 2529 242 2547 ,
271 2512 338 2550 pro
357 2514 434 2550 quo
453 2502 574 2543 lenius
593 2501 686 2540 illud
706 2503 768 2540 Sb.
781 2528 792 2545 ,
819 2502 904 2539 sane
923 2503 1035 2539 etiam
1057 2501 1097 2538 in
1119 2499 1223 2548 prosa
1234 2498 1418 2540 ufitatum,
1441 2499 1568 2545 v-Stp.
1581 2499 1656 2535 Th.

137 2550 234 2592 Bud.
250 2554 289 2588 C.
314 2560 371 2599 305
389 2564 442 2598 50.
469 2552 550 2589 Ael.
571 2553 615 2591 V.
634 2552 671 2588 h.
692 2562 810 2599 1,3.e.
830 2564 867 2600 p.
880 2564 914 2596 7.
935 2553 983 2588 N.
1001 2563 1032 2596 5.
1054 2562 1093 2587 et
1103 2550 1288 2586 lnd.Xen.
1302 2550 1388 2595 Cyr.
1404 2546 1471 2587 Z..
1498 2547 1559 2583 sed
1579 2548 1658 2585 for-

136 2611 179 2641 te
196 2601 240 2638 ad
265 2600 404 2637 litteras
423 2599 584 2637 vicinius
606 2605 644 2638 οὐ
657 2625 668 2643 ,
694 2600 741 2638 fic
761 2601 947 2650 legendo,
974 2603 1291 2647 συμβουλεύουςι-
1312 2600 1434 2641 ἧμῖν-
1453 2593 1607 2643 σωτήρια
1620 2598 1658 2634 οὗ

140 2657 190 2699 μῆ
207 2648 401 2696 πειθόμενος
414 2675 425 2693 ,
452 2663 537 2686 cum
556 2665 577 2688 e
597 2651 718 2688 littera
739 2666 758 2688 υ
775 2651 884 2688 facile
904 2651 992 2687 oriri
1011 2648 1181 2697 potuerit
1197 2664 1247 2692 ις,
1273 2658 1313 2684 et
1334 2644 1518 2683 sententia
1529 2645 1658 2684 existat

140 2701 283 2749 aprima
304 2700 604 2749 constructioque
619 2722 631 2742 .
655 2699 887 2750 suadentibus
903 2699 1164 2755 nobis-optima
1185 2709 1223 2734 et
1232 2694 1396 2745 salubria
1414 2695 1571 2731 minime
1589 2705 1659 2744 pa·
1725 2705 1727 2710 ¹

137 2759 246 2797 rent,
284 2758 363 2799 quo
389 2748 551 2805 sensurov’
569 2756 637 2798 μὴ,
673 2762 744 2801 pro
763 2748 880 2816 (impl.
901 2759 1096 2800 negativa,
1133 2758 1196 2785 aut
1222 2745 1465 2792 vehementer
1491 2754 1658 2795 negante
1722 2795 1724 2797 .
