<?xml version="1.0" encoding="UTF-8"?>
<!DOCTYPE html PUBLIC "-//W3C//DTD XHTML 1.0 Transitional//EN"
    "http://www.w3.org/TR/xhtml1/DTD/xhtml1-transitional.dtd">
<html xmlns="http://www.w3.org/1999/xhtml" xml:lang="en" lang="en">
 <head>
  <title>
</title>
<meta http-equiv="Content-Type" content="text/html;charset=utf-8" />
  <meta name='ocr-system' content='tesseract 3.04.00' />
  <meta name='ocr-capabilities' content='ocr_page ocr_carea ocr_par ocr_line ocrx_word'/>
</head>
<body>
  <div class='ocr_page' id='page_1' title='image "./historiarumlibri02hero/historiarumlibri02hero_0692.png"; bbox 0 0 1722 3086; ppageno 0'>
   <div class='ocr_carea' id='block_1_1' title="bbox 94 76 1554 138">
    <p class='ocr_par' dir='ltr' id='par_1_1' title="bbox 94 67 1554 138">
     <span class='ocr_line' id='line_1_1' title="bbox 94 76 1554 138; baseline 0 -13"><span class='ocrx_word' id='word_1_1' title='bbox 94 77 201 134; x_wconf 74' lang='lat'>624</span> <span class='ocrx_word' id='word_1_2' title='bbox 238 76 502 125; x_wconf 81' lang='lat' dir='ltr'>LIBERIII.</span> <span class='ocrx_word' id='word_1_3' title='bbox 536 76 803 124; x_wconf 78' lang='lat' dir='ltr'>CAP.V111.</span> <span class='ocrx_word' id='word_1_4' title='bbox 837 76 948 123; x_wconf 58' lang='grc' dir='ltr'>ΑΝ.</span> <span class='ocrx_word' id='word_1_5' title='bbox 963 77 1014 124; x_wconf 99' lang='lat' dir='ltr'>C</span> <span class='ocrx_word' id='word_1_6' title='bbox 1037 86 1161 135; x_wconf 81' lang='lat'>951.</span> <span class='ocrx_word' id='word_1_7' title='bbox 1197 79 1415 126; x_wconf 70' lang='lat' dir='ltr'>CHRN.</span> <span class='ocrx_word' id='word_1_8' title='bbox 1437 82 1554 138; x_wconf 80' lang='lat'>198.</span> 
     </span>
    </p>
   </div>
   <div class='ocr_carea' id='block_1_2' title="bbox 87 189 838 801">
    <p class='ocr_par' dir='ltr' id='par_1_2' title="bbox 87 189 838 801">
     <span class='ocr_line' id='line_1_2' title="bbox 89 189 838 263; baseline -0.004 -19"><span class='ocrx_word' id='word_1_9' title='bbox 89 195 197 251; x_wconf 67' lang='grc' dir='ltr'>λῖὀις</span> <span class='ocrx_word' id='word_1_10' title='bbox 225 199 414 263; x_wconf 72' lang='grc' dir='ltr'><em>χςυσοῒς</em></span> <span class='ocrx_word' id='word_1_11' title='bbox 443 189 720 262; x_wconf 66' lang='grc' dir='ltr'>χξήτωσθοᾳ</span> <span class='ocrx_word' id='word_1_12' title='bbox 741 189 838 241; x_wconf 75' lang='grc' dir='ltr'>ἐπέ-</span> 
     </span>
     <span class='ocr_line' id='line_1_3' title="bbox 88 267 835 342; baseline -0.007 -20"><span class='ocrx_word' id='word_1_13' title='bbox 88 268 252 342; x_wconf 69' lang='grc' dir='ltr'><em>τξεψε,</em></span> <span class='ocrx_word' id='word_1_14' title='bbox 284 267 478 337; x_wconf 74' lang='grc' dir='ltr'>γυναιξί</span> <span class='ocrx_word' id='word_1_15' title='bbox 491 274 511 302; x_wconf 74' lang='lat'>²²</span> <span class='ocrx_word' id='word_1_16' title='bbox 531 288 580 318; x_wconf 75' lang='grc' dir='ltr'>τε</span> <span class='ocrx_word' id='word_1_17' title='bbox 614 275 835 318; x_wconf 74' lang='grc' dir='ltr'><em>συνοικεῖν.</em></span> 
     </span>
     <span class='ocr_line' id='line_1_4' title="bbox 91 342 837 417; baseline -0.004 -20"><span class='ocrx_word' id='word_1_18' title='bbox 91 348 125 400; x_wconf 78' lang='grc' dir='ltr'>ἅ</span> <span class='ocrx_word' id='word_1_19' title='bbox 174 367 260 417; x_wconf 68' lang='grc' dir='ltr'>ντες</span> <span class='ocrx_word' id='word_1_20' title='bbox 299 345 500 397; x_wconf 68' lang='grc' dir='ltr'><em>ἅπαντα</em></span> <span class='ocrx_word' id='word_1_21' title='bbox 544 342 837 416; x_wconf 68' lang='grc' dir='ltr'><em>σωφξοσύνης</em></span> 
     </span>
     <span class='ocr_line' id='line_1_5' title="bbox 90 418 836 495; baseline -0.005 -21"><span class='ocrx_word' id='word_1_22' title='bbox 90 422 378 495; x_wconf 68' lang='grc' dir='ltr'>ς-ξοιτιωτικῆς</span> <span class='ocrx_word' id='word_1_23' title='bbox 410 422 489 472; x_wconf 71' lang='grc' dir='ltr'>καὶ</span> <span class='ocrx_word' id='word_1_24' title='bbox 517 421 597 471; x_wconf 69' lang='grc' dir='ltr'>τῡῖ]</span> <span class='ocrx_word' id='word_1_25' title='bbox 627 420 738 492; x_wconf 67' lang='grc' dir='ltr'>πξός</span> <span class='ocrx_word' id='word_1_26' title='bbox 765 418 836 471; x_wconf 65' lang='grc' dir='ltr'>τὸν</span> 
     </span>
     <span class='ocr_line' id='line_1_6' title="bbox 88 498 836 566; baseline -0.007 -15"><span class='ocrx_word' id='word_1_27' title='bbox 88 501 290 566; x_wconf 69' lang='grc' dir='ltr'>πόλεμον</span> <span class='ocrx_word' id='word_1_28' title='bbox 302 498 556 554; x_wconf 50' lang='grc' dir='ltr'>εὐςαλοῦςς</span> <span class='ocrx_word' id='word_1_29' title='bbox 571 519 618 548; x_wconf 84' lang='grc' dir='ltr'>τε</span> <span class='ocrx_word' id='word_1_30' title='bbox 640 505 720 553; x_wconf 64' lang='grc' dir='ltr'>καὶ</span> <span class='ocrx_word' id='word_1_31' title='bbox 733 499 836 548; x_wconf 73' lang='grc' dir='ltr'><em>ἑτοί-</em></span> 
     </span>
     <span class='ocr_line' id='line_1_7' title="bbox 87 571 835 648; baseline -0.004 -20"><span class='ocrx_word' id='word_1_32' title='bbox 87 596 176 648; x_wconf 74' lang='grc' dir='ltr'>μου</span> <span class='ocrx_word' id='word_1_33' title='bbox 206 575 438 646; x_wconf 69' lang='grc' dir='ltr'><strong><em>α’λλᾶτξιοι</em></strong></span> <span class='ocrx_word' id='word_1_34' title='bbox 477 571 715 644; x_wconf 70' lang='grc' dir='ltr'><em>ἐνομίζετο,</em></span> <span class='ocrx_word' id='word_1_35' title='bbox 757 575 835 626; x_wconf 70' lang='grc' dir='ltr'>καὶ</span> 
     </span>
     <span class='ocr_line' id='line_1_8' title="bbox 87 650 837 726; baseline -0.005 -22"><span class='ocrx_word' id='word_1_36' title='bbox 87 653 264 726; x_wconf 53' lang='grc' dir='ltr'>πρῶτός</span> <span class='ocrx_word' id='word_1_37' title='bbox 287 674 335 705; x_wconf 73' lang='grc' dir='ltr'>τε</span> <span class='ocrx_word' id='word_1_38' title='bbox 358 656 521 707; x_wconf 69' lang='grc' dir='ltr'><em>ἐκεῖνος</em></span> <span class='ocrx_word' id='word_1_39' title='bbox 544 650 595 701; x_wconf 73' lang='grc' dir='ltr'>τὸ</span> <span class='ocrx_word' id='word_1_40' title='bbox 611 651 732 703; x_wconf 66' lang='grc' dir='ltr'>πάνυ</span> <span class='ocrx_word' id='word_1_41' title='bbox 758 653 837 702; x_wconf 69' lang='grc' dir='ltr'>αὐ-</span> 
     </span>
     <span class='ocr_line' id='line_1_9' title="bbox 87 727 834 801; baseline -0.009 -18"><span class='ocrx_word' id='word_1_42' title='bbox 87 732 172 784; x_wconf 71' lang='grc' dir='ltr'>τῶν</span> <span class='ocrx_word' id='word_1_43' title='bbox 194 730 429 801; x_wconf 71' lang='grc' dir='ltr'><em>ἐῤῥωμένον,</em></span> <span class='ocrx_word' id='word_1_44' title='bbox 465 730 543 780; x_wconf 74' lang='grc' dir='ltr'>καὶ</span> <span class='ocrx_word' id='word_1_45' title='bbox 569 728 618 778; x_wconf 72' lang='grc' dir='ltr'>τὸ</span> <span class='ocrx_word' id='word_1_46' title='bbox 643 727 834 798; x_wconf 66' lang='grc' dir='ltr'><em>σκληξόν</em></span> 
     </span>
    </p>
   </div>
   <div class='ocr_carea' id='block_1_3' title="bbox 875 185 1623 527">
    <p class='ocr_par' dir='ltr' id='par_1_3' title="bbox 875 185 1623 527">
     <span class='ocr_line' id='line_1_10' title="bbox 876 185 1623 263; baseline 0.007 -19"><span class='ocrx_word' id='word_1_47' title='bbox 876 197 1052 246; x_wconf 83' lang='lat' dir='ltr'>annulis</span> <span class='ocrx_word' id='word_1_48' title='bbox 1072 198 1136 245; x_wconf 88' lang='lat' dir='ltr'>uti</span> <span class='ocrx_word' id='word_1_49' title='bbox 1159 185 1370 263; x_wconf 68' lang='lat' dir='ltr'>permisit,</span> <span class='ocrx_word' id='word_1_50' title='bbox 1392 217 1442 249; x_wconf 83' lang='lat' dir='ltr'>ac</span> <span class='ocrx_word' id='word_1_51' title='bbox 1459 199 1623 249; x_wconf 80' lang='lat' dir='ltr'>mulie-</span> 
     </span>
     <span class='ocr_line' id='line_1_11' title="bbox 875 283 1620 340; baseline 0.005 -11"><span class='ocrx_word' id='word_1_52' title='bbox 875 299 971 331; x_wconf 87' lang='lat' dir='ltr'>rem</span> <span class='ocrx_word' id='word_1_53' title='bbox 995 283 1118 330; x_wconf 89' lang='lat' dir='ltr'>domi</span> <span class='ocrx_word' id='word_1_54' title='bbox 1136 283 1318 331; x_wconf 84' lang='lat' dir='ltr'>habere.</span> <span class='ocrx_word' id='word_1_55' title='bbox 1366 287 1494 340; x_wconf 75' lang='lat' dir='ltr'>Quae</span> <span class='ocrx_word' id='word_1_56' title='bbox 1519 302 1620 333; x_wconf 89' lang='lat' dir='ltr'>om·</span> 
     </span>
     <span class='ocr_line' id='line_1_12' title="bbox 877 354 1617 437; baseline 0.001 -17"><span class='ocrx_word' id='word_1_57' title='bbox 877 375 948 421; x_wconf 88' lang='lat' dir='ltr'>nia</span> <span class='ocrx_word' id='word_1_58' title='bbox 982 390 1005 419; x_wconf 83' lang='lat' dir='ltr'>a</span> <span class='ocrx_word' id='word_1_59' title='bbox 1030 372 1251 437; x_wconf 86' lang='lat' dir='ltr'>disciplina</span> <span class='ocrx_word' id='word_1_60' title='bbox 1282 354 1462 421; x_wconf 65' lang='lat' dir='ltr'>militari</span> <span class='ocrx_word' id='word_1_61' title='bbox 1491 382 1535 420; x_wconf 89' lang='lat' dir='ltr'>et</span> <span class='ocrx_word' id='word_1_62' title='bbox 1561 372 1617 421; x_wconf 79' lang='lat' dir='ltr'>ad</span> 
     </span>
     <span class='ocr_line' id='line_1_13' title="bbox 876 443 1620 527; baseline 0.001 -20"><span class='ocrx_word' id='word_1_63' title='bbox 876 459 1043 507; x_wconf 89' lang='lat' dir='ltr'>bellum</span> <span class='ocrx_word' id='word_1_64' title='bbox 1066 443 1302 510; x_wconf 41' lang='lat' dir='ltr'>&#39;habilitate</span> <span class='ocrx_word' id='word_1_65' title='bbox 1344 476 1393 508; x_wconf 84' lang='lat' dir='ltr'>ac</span> <span class='ocrx_word' id='word_1_66' title='bbox 1431 461 1620 527; x_wconf 81' lang='lat' dir='ltr'>promti·</span> 
     </span>
    </p>
   </div>
   <div class='ocr_carea' id='block_1_4' title="bbox 1101 546 1618 613">
    <p class='ocr_par' dir='ltr' id='par_1_4' title="bbox 1101 546 1618 613">
     <span class='ocr_line' id='line_1_14' title="bbox 1101 546 1618 613; baseline -0.01 -17"><span class='ocrx_word' id='word_1_67' title='bbox 1101 548 1245 597; x_wconf 80' lang='lat' dir='ltr'>aliena</span> <span class='ocrx_word' id='word_1_68' title='bbox 1330 546 1618 613; x_wconf 83' lang='lat' dir='ltr'>putabantur.</span> 
     </span>
    </p>
   </div>
   <div class='ocr_carea' id='block_1_5' title="bbox 875 548 1618 702">
    <p class='ocr_par' dir='ltr' id='par_1_5' title="bbox 875 548 1618 702">
     <span class='ocr_line' id='line_1_15' title="bbox 875 548 1029 601; baseline -0.032 -1"><span class='ocrx_word' id='word_1_69' title='bbox 875 548 1029 601; x_wconf 84' lang='lat' dir='ltr'>tudine</span> 
     </span>
     <span class='ocr_line' id='line_1_16' title="bbox 888 635 1618 702; baseline 0 -18"><span class='ocrx_word' id='word_1_70' title='bbox 888 653 967 685; x_wconf 77' lang='grc' dir='ltr'>ιο.</span> <span class='ocrx_word' id='word_1_71' title='bbox 999 639 1264 701; x_wconf 82' lang='lat' dir='ltr'>Primusque</span> <span class='ocrx_word' id='word_1_72' title='bbox 1315 635 1406 702; x_wconf 85' lang='lat' dir='ltr'>ipse</span> <span class='ocrx_word' id='word_1_73' title='bbox 1458 650 1618 684; x_wconf 84' lang='lat' dir='ltr'>eorum</span> 
     </span>
    </p>
   </div>
   <div class='ocr_carea' id='block_1_6' title="bbox 875 722 1620 782">
    <p class='ocr_par' dir='ltr' id='par_1_6' title="bbox 875 722 1620 782">
     <span class='ocr_line' id='line_1_17' title="bbox 875 722 1620 782; baseline -0.003 -7"><span class='ocrx_word' id='word_1_74' title='bbox 875 725 1016 775; x_wconf 87' lang='lat' dir='ltr'>robur</span> <span class='ocrx_word' id='word_1_75' title='bbox 1048 735 1092 774; x_wconf 86' lang='lat' dir='ltr'>et</span> <span class='ocrx_word' id='word_1_76' title='bbox 1128 725 1290 773; x_wconf 86' lang='lat' dir='ltr'>durum</span> <span class='ocrx_word' id='word_1_77' title='bbox 1320 722 1516 782; x_wconf 60' lang='lat' dir='ltr'>viatim,</span> <span class='ocrx_word' id='word_1_78' title='bbox 1551 735 1620 774; x_wconf 66' lang='lat' dir='ltr'>to*</span> 
     </span>
    </p>
   </div>
   <div class='ocr_carea' id='block_1_7' title="bbox 87 803 1618 876">
    <p class='ocr_par' dir='ltr' id='par_1_7' title="bbox 87 803 1618 876">
     <span class='ocr_line' id='line_1_18' title="bbox 87 803 1618 876; baseline 0.001 -18"><span class='ocrx_word' id='word_1_79' title='bbox 87 809 166 866; x_wconf 68' lang='grc' dir='ltr'>τῆς</span> <span class='ocrx_word' id='word_1_80' title='bbox 198 803 383 870; x_wconf 66' lang='grc' dir='ltr'>διαίτης,</span> <span class='ocrx_word' id='word_1_81' title='bbox 420 804 472 857; x_wconf 81' lang='grc' dir='ltr'>τό</span> <span class='ocrx_word' id='word_1_82' title='bbox 506 826 555 858; x_wconf 80' lang='grc' dir='ltr'>τε</span> <span class='ocrx_word' id='word_1_83' title='bbox 580 818 597 842; x_wconf 57' lang='lat'><em>³</em></span> <span class='ocrx_word' id='word_1_84' title='bbox 625 805 831 861; x_wconf 64' lang='grc' dir='ltr'>εὐπειθὲς</span> <span class='ocrx_word' id='word_1_85' title='bbox 869 811 1188 876; x_wconf 85' lang='lat' dir='ltr'>lerantiamque</span> <span class='ocrx_word' id='word_1_86' title='bbox 1208 809 1427 869; x_wconf 80' lang='lat' dir='ltr'>laborum,</span> <span class='ocrx_word' id='word_1_87' title='bbox 1451 829 1498 862; x_wconf 86' lang='lat' dir='ltr'>ac</span> <span class='ocrx_word' id='word_1_88' title='bbox 1519 828 1618 860; x_wconf 81' lang='lat' dir='ltr'>mo-</span> 
     </span>
    </p>
   </div>
   <div class='ocr_carea' id='block_1_8' title="bbox 86 953 1619 1086">
    <p class='ocr_par' dir='ltr' id='par_1_8' title="bbox 86 953 1619 1086">
     <span class='ocr_line' id='line_1_19' title="bbox 180 953 1616 1002; baseline -0.001 -12"><span class='ocrx_word' id='word_1_89' title='bbox 180 961 216 1002; x_wconf 84' lang='lat' dir='ltr'>p)</span> <span class='ocrx_word' id='word_1_90' title='bbox 238 958 301 990; x_wconf 78' lang='lat' dir='ltr'>Ms.</span> <span class='ocrx_word' id='word_1_91' title='bbox 319 957 374 990; x_wconf 82' lang='lat' dir='ltr'>Ba.</span> <span class='ocrx_word' id='word_1_92' title='bbox 393 958 513 995; x_wconf 63' lang='lat' dir='ltr'>ymnus</span> <span class='ocrx_word' id='word_1_93' title='bbox 528 968 564 987; x_wconf 74' lang='grc' dir='ltr'>τι</span> <span class='ocrx_word' id='word_1_94' title='bbox 582 968 690 989; x_wconf 72' lang='lat' dir='ltr'>cunm.</span> <span class='ocrx_word' id='word_1_95' title='bbox 708 965 743 987; x_wconf 86' lang='lat' dir='ltr'>v.</span> <span class='ocrx_word' id='word_1_96' title='bbox 762 954 812 988; x_wconf 83' lang='lat' dir='ltr'>N.</span> <span class='ocrx_word' id='word_1_97' title='bbox 871 954 911 998; x_wconf 76' lang='lat' dir='ltr'>q)</span> <span class='ocrx_word' id='word_1_98' title='bbox 936 955 1003 988; x_wconf 67' lang='lat' dir='ltr'>Ms-</span> <span class='ocrx_word' id='word_1_99' title='bbox 1023 955 1079 988; x_wconf 82' lang='lat' dir='ltr'>Ba.</span> <span class='ocrx_word' id='word_1_100' title='bbox 1105 958 1221 995; x_wconf 68' lang='grc' dir='ltr'><strong><em>ὅτοίμου</em></strong></span> <span class='ocrx_word' id='word_1_101' title='bbox 1238 969 1273 988; x_wconf 71' lang='grc' dir='ltr'>τε</span> <span class='ocrx_word' id='word_1_102' title='bbox 1290 959 1342 987; x_wconf 69' lang='grc' dir='ltr'>καὶ</span> <span class='ocrx_word' id='word_1_103' title='bbox 1359 956 1496 990; x_wconf 57' lang='lat' dir='ltr'>denno&amp;</span> <span class='ocrx_word' id='word_1_104' title='bbox 1511 964 1546 987; x_wconf 88' lang='lat' dir='ltr'>v.</span> <span class='ocrx_word' id='word_1_105' title='bbox 1565 953 1616 989; x_wconf 58' lang='lat' dir='ltr'>Na</span> 
     </span>
     <span class='ocr_line' id='line_1_20' title="bbox 88 1000 1619 1047; baseline -0.007 -7"><span class='ocrx_word' id='word_1_106' title='bbox 88 1007 119 1046; x_wconf 71' lang='grc' dir='ltr'>τ’)</span> <span class='ocrx_word' id='word_1_107' title='bbox 138 1009 202 1040; x_wconf 82' lang='lat' dir='ltr'>Ms.</span> <span class='ocrx_word' id='word_1_108' title='bbox 224 1005 279 1036; x_wconf 85' lang='lat' dir='ltr'>Ba.</span> <span class='ocrx_word' id='word_1_109' title='bbox 301 1002 343 1035; x_wconf 80' lang='lat' dir='ltr'>fic</span> <span class='ocrx_word' id='word_1_110' title='bbox 361 1001 429 1034; x_wconf 70' lang='lat' dir='ltr'>sine</span> <span class='ocrx_word' id='word_1_111' title='bbox 447 1011 617 1033; x_wconf 85' lang='lat' dir='ltr'>commate</span> <span class='ocrx_word' id='word_1_112' title='bbox 634 1000 707 1044; x_wconf 83' lang='lat' dir='ltr'>post</span> <span class='ocrx_word' id='word_1_113' title='bbox 725 1003 761 1035; x_wconf 68' lang='grc' dir='ltr'>τὶ</span> <span class='ocrx_word' id='word_1_114' title='bbox 780 1010 856 1034; x_wconf 87' lang='lat' dir='ltr'>cum</span> <span class='ocrx_word' id='word_1_115' title='bbox 873 1004 918 1035; x_wconf 89' lang='lat' dir='ltr'>A.</span> <span class='ocrx_word' id='word_1_116' title='bbox 934 1001 999 1040; x_wconf 58' lang='lat' dir='ltr'>al„</span> <span class='ocrx_word' id='word_1_117' title='bbox 1021 1011 1084 1045; x_wconf 81' lang='lat' dir='ltr'>pro</span> <span class='ocrx_word' id='word_1_118' title='bbox 1103 1004 1150 1041; x_wconf 76' lang='grc' dir='ltr'>τὸ,</span> <span class='ocrx_word' id='word_1_119' title='bbox 1168 1016 1202 1036; x_wconf 77' lang='grc' dir='ltr'>τε</span> <span class='ocrx_word' id='word_1_120' title='bbox 1219 1006 1293 1047; x_wconf 66' lang='grc' dir='ltr'>δερ.</span> <span class='ocrx_word' id='word_1_121' title='bbox 1309 1000 1371 1034; x_wconf 84' lang='lat' dir='ltr'>tel.</span> <span class='ocrx_word' id='word_1_122' title='bbox 1387 1001 1434 1032; x_wconf 88' lang='lat' dir='ltr'>cf.</span> <span class='ocrx_word' id='word_1_123' title='bbox 1452 1011 1490 1041; x_wconf 62' lang='grc' dir='ltr'>ς,</span> <span class='ocrx_word' id='word_1_124' title='bbox 1510 1008 1564 1045; x_wconf 81' lang='lat'>14,</span> <span class='ocrx_word' id='word_1_125' title='bbox 1583 1005 1619 1044; x_wconf 69' lang='lat'>4.</span> 
     </span>
     <span class='ocr_line' id='line_1_21' title="bbox 86 1046 628 1086; baseline -0.009 0"><span class='ocrx_word' id='word_1_126' title='bbox 86 1053 114 1086; x_wconf 74' lang='lat' dir='ltr'>i·</span> <span class='ocrx_word' id='word_1_127' title='bbox 133 1053 215 1085; x_wconf 81' lang='lat' dir='ltr'>Mox</span> <span class='ocrx_word' id='word_1_128' title='bbox 233 1052 353 1086; x_wconf 70' lang='grc' dir='ltr'>εὐπετὲς</span> <span class='ocrx_word' id='word_1_129' title='bbox 371 1048 424 1082; x_wconf 74' lang='grc' dir='ltr'>Βδ.</span> <span class='ocrx_word' id='word_1_130' title='bbox 442 1057 477 1082; x_wconf 84' lang='lat'>2.</span> <span class='ocrx_word' id='word_1_131' title='bbox 493 1046 628 1081; x_wconf 72' lang='lat' dir='ltr'>vitiose.</span> 
     </span>
    </p>
   </div>
   <div class='ocr_carea' id='block_1_9' title="bbox 83 1167 1621 1718">
    <p class='ocr_par' dir='ltr' id='par_1_9' title="bbox 83 1167 1621 1718">
     <span class='ocr_line' id='line_1_22' title="bbox 84 1167 1620 1224; baseline -0.006 -10"><span class='ocrx_word' id='word_1_132' title='bbox 84 1174 162 1214; x_wconf 86' lang='lat' dir='ltr'>Sed</span> <span class='ocrx_word' id='word_1_133' title='bbox 182 1173 223 1211; x_wconf 88' lang='lat' dir='ltr'>in</span> <span class='ocrx_word' id='word_1_134' title='bbox 239 1174 302 1224; x_wconf 73' lang='lat' dir='ltr'>ng.</span> <span class='ocrx_word' id='word_1_135' title='bbox 320 1172 364 1210; x_wconf 89' lang='lat' dir='ltr'>ad</span> <span class='ocrx_word' id='word_1_136' title='bbox 377 1184 412 1210; x_wconf 81' lang='lat' dir='ltr'>v.</span> <span class='ocrx_word' id='word_1_137' title='bbox 431 1185 555 1210; x_wconf 79' lang='grc' dir='ltr'><strong><em>συνοικ.</em></strong></span> <span class='ocrx_word' id='word_1_138' title='bbox 576 1167 738 1208; x_wconf 82' lang='lat' dir='ltr'>formula</span> <span class='ocrx_word' id='word_1_139' title='bbox 757 1182 778 1207; x_wconf 90' lang='lat' dir='ltr'>e</span> <span class='ocrx_word' id='word_1_140' title='bbox 792 1171 831 1208; x_wconf 86' lang='lat' dir='ltr'>P.</span> <span class='ocrx_word' id='word_1_141' title='bbox 852 1169 1075 1222; x_wconf 77' lang='lat' dir='ltr'>ambiguitas</span> <span class='ocrx_word' id='word_1_142' title='bbox 1095 1169 1144 1207; x_wconf 88' lang='lat' dir='ltr'>est</span> <span class='ocrx_word' id='word_1_143' title='bbox 1163 1172 1361 1221; x_wconf 82' lang='lat' dir='ltr'>quaedam,</span> <span class='ocrx_word' id='word_1_144' title='bbox 1380 1184 1467 1210; x_wconf 86' lang='lat' dir='ltr'>cum</span> <span class='ocrx_word' id='word_1_145' title='bbox 1486 1169 1620 1206; x_wconf 82' lang='lat' dir='ltr'>secun·</span> 
     </span>
     <span class='ocr_line' id='line_1_23' title="bbox 86 1219 1620 1272; baseline -0.004 -12"><span class='ocrx_word' id='word_1_146' title='bbox 86 1226 179 1263; x_wconf 87' lang='lat' dir='ltr'>dum</span> <span class='ocrx_word' id='word_1_147' title='bbox 201 1224 299 1272; x_wconf 79' lang='lat' dir='ltr'>Lips.</span> <span class='ocrx_word' id='word_1_148' title='bbox 321 1223 358 1259; x_wconf 84' lang='lat' dir='ltr'>in</span> <span class='ocrx_word' id='word_1_149' title='bbox 382 1222 428 1259; x_wconf 88' lang='lat' dir='ltr'>N.</span> <span class='ocrx_word' id='word_1_150' title='bbox 452 1234 502 1268; x_wconf 82' lang='lat' dir='ltr'>pr.</span> <span class='ocrx_word' id='word_1_151' title='bbox 527 1232 608 1257; x_wconf 91' lang='lat' dir='ltr'>non</span> <span class='ocrx_word' id='word_1_152' title='bbox 629 1219 677 1256; x_wconf 85' lang='lat' dir='ltr'>fic</span> <span class='ocrx_word' id='word_1_153' title='bbox 698 1220 877 1265; x_wconf 82' lang='lat' dir='ltr'>capienda</span> <span class='ocrx_word' id='word_1_154' title='bbox 891 1221 953 1263; x_wconf 83' lang='lat' dir='ltr'>sit,</span> <span class='ocrx_word' id='word_1_155' title='bbox 983 1232 1024 1259; x_wconf 90' lang='lat' dir='ltr'>ut</span> <span class='ocrx_word' id='word_1_156' title='bbox 1046 1220 1145 1268; x_wconf 76' lang='lat' dir='ltr'>pacis</span> <span class='ocrx_word' id='word_1_157' title='bbox 1166 1232 1338 1270; x_wconf 88' lang='lat' dir='ltr'>tempore</span> <span class='ocrx_word' id='word_1_158' title='bbox 1357 1222 1620 1269; x_wconf 76' lang='lat' dir='ltr'>permitteren-</span> 
     </span>
     <span class='ocr_line' id='line_1_24' title="bbox 85 1268 1620 1319; baseline -0.005 -8"><span class='ocrx_word' id='word_1_159' title='bbox 85 1285 150 1312; x_wconf 84' lang='lat' dir='ltr'>tur</span> <span class='ocrx_word' id='word_1_160' title='bbox 177 1285 311 1310; x_wconf 86' lang='lat' dir='ltr'>uxores</span> <span class='ocrx_word' id='word_1_161' title='bbox 342 1270 558 1312; x_wconf 83' lang='lat' dir='ltr'>ducendae,</span> <span class='ocrx_word' id='word_1_162' title='bbox 594 1269 658 1306; x_wconf 87' lang='lat' dir='ltr'>sed</span> <span class='ocrx_word' id='word_1_163' title='bbox 677 1270 825 1318; x_wconf 87' lang='lat' dir='ltr'>potius,</span> <span class='ocrx_word' id='word_1_164' title='bbox 853 1281 897 1306; x_wconf 89' lang='lat' dir='ltr'>ut</span> <span class='ocrx_word' id='word_1_165' title='bbox 924 1271 1013 1307; x_wconf 85' lang='lat' dir='ltr'>belli</span> <span class='ocrx_word' id='word_1_166' title='bbox 1040 1271 1152 1306; x_wconf 87' lang='lat' dir='ltr'>etiam</span> <span class='ocrx_word' id='word_1_167' title='bbox 1174 1283 1345 1319; x_wconf 84' lang='lat' dir='ltr'>tempore</span> <span class='ocrx_word' id='word_1_168' title='bbox 1362 1281 1402 1307; x_wconf 88' lang='lat' dir='ltr'>et</span> <span class='ocrx_word' id='word_1_169' title='bbox 1426 1271 1465 1308; x_wconf 90' lang='lat' dir='ltr'>in</span> <span class='ocrx_word' id='word_1_170' title='bbox 1495 1268 1620 1305; x_wconf 77' lang='lat' dir='ltr'>castris</span> 
     </span>
     <span class='ocr_line' id='line_1_25' title="bbox 83 1319 1618 1367; baseline -0.004 -7"><span class='ocrx_word' id='word_1_171' title='bbox 83 1324 181 1361; x_wconf 72' lang='lat' dir='ltr'>,adeo</span> <span class='ocrx_word' id='word_1_172' title='bbox 201 1335 300 1360; x_wconf 84' lang='lat' dir='ltr'>extra</span> <span class='ocrx_word' id='word_1_173' title='bbox 326 1321 482 1359; x_wconf 80' lang='lat' dir='ltr'>Romam</span> <span class='ocrx_word' id='word_1_174' title='bbox 502 1319 744 1367; x_wconf 80' lang='lat' dir='ltr'>Italiamque,</span> <span class='ocrx_word' id='word_1_175' title='bbox 772 1320 813 1356; x_wconf 81' lang='lat' dir='ltr'>in</span> <span class='ocrx_word' id='word_1_176' title='bbox 832 1331 945 1367; x_wconf 88' lang='lat' dir='ltr'>quam</span> <span class='ocrx_word' id='word_1_177' title='bbox 964 1333 1042 1356; x_wconf 88' lang='lat' dir='ltr'>rem</span> <span class='ocrx_word' id='word_1_178' title='bbox 1064 1320 1182 1356; x_wconf 84' lang='lat' dir='ltr'>clarus</span> <span class='ocrx_word' id='word_1_179' title='bbox 1199 1321 1249 1357; x_wconf 85' lang='lat' dir='ltr'>est</span> <span class='ocrx_word' id='word_1_180' title='bbox 1265 1321 1316 1357; x_wconf 87' lang='lat' dir='ltr'>ib.</span> <span class='ocrx_word' id='word_1_181' title='bbox 1337 1322 1444 1357; x_wconf 86' lang='lat' dir='ltr'>locus</span> <span class='ocrx_word' id='word_1_182' title='bbox 1461 1333 1483 1357; x_wconf 92' lang='lat' dir='ltr'>e</span> <span class='ocrx_word' id='word_1_183' title='bbox 1501 1320 1618 1360; x_wconf 71' lang='lat' dir='ltr'>Tac..</span> 
     </span>
     <span class='ocr_line' id='line_1_26' title="bbox 86 1369 1621 1421; baseline -0.004 -11"><span class='ocrx_word' id='word_1_184' title='bbox 86 1384 128 1410; x_wconf 78' lang='lat' dir='ltr'>et</span> <span class='ocrx_word' id='word_1_185' title='bbox 150 1372 317 1421; x_wconf 89' lang='lat' dir='ltr'>sequitur</span> <span class='ocrx_word' id='word_1_186' title='bbox 342 1369 483 1417; x_wconf 75' lang='lat' dir='ltr'>aliquid</span> <span class='ocrx_word' id='word_1_187' title='bbox 504 1370 617 1406; x_wconf 84' lang='lat' dir='ltr'>etiam</span> <span class='ocrx_word' id='word_1_188' title='bbox 645 1382 733 1406; x_wconf 80' lang='lat' dir='ltr'>mox</span> <span class='ocrx_word' id='word_1_189' title='bbox 762 1381 819 1417; x_wconf 85' lang='lat' dir='ltr'>ap.</span> <span class='ocrx_word' id='word_1_190' title='bbox 842 1370 1020 1407; x_wconf 85' lang='lat' dir='ltr'>Nostrum</span> <span class='ocrx_word' id='word_1_191' title='bbox 1039 1369 1123 1416; x_wconf 69' lang='grc' dir='ltr'>πρὸς</span> <span class='ocrx_word' id='word_1_192' title='bbox 1141 1369 1198 1408; x_wconf 79' lang='grc' dir='ltr'>τόν</span> <span class='ocrx_word' id='word_1_193' title='bbox 1214 1382 1337 1415; x_wconf 73' lang='grc' dir='ltr'>πολεμ.</span> <span class='ocrx_word' id='word_1_194' title='bbox 1392 1369 1506 1407; x_wconf 86' lang='lat' dir='ltr'>Vnde</span> <span class='ocrx_word' id='word_1_195' title='bbox 1537 1380 1621 1415; x_wconf 84' lang='lat' dir='ltr'>per-</span> 
     </span>
     <span class='ocr_line' id='line_1_27' title="bbox 83 1419 1617 1472; baseline -0.004 -13"><span class='ocrx_word' id='word_1_196' title='bbox 83 1423 215 1472; x_wconf 86' lang='lat' dir='ltr'>spicue</span> <span class='ocrx_word' id='word_1_197' title='bbox 239 1420 351 1470; x_wconf 80' lang='lat' dir='ltr'>magis</span> <span class='ocrx_word' id='word_1_198' title='bbox 371 1419 597 1457; x_wconf 79' lang='lat' dir='ltr'>reddebatur</span> <span class='ocrx_word' id='word_1_199' title='bbox 620 1419 678 1454; x_wconf 85' lang='lat' dir='ltr'>vel</span> <span class='ocrx_word' id='word_1_200' title='bbox 704 1431 792 1456; x_wconf 90' lang='lat' dir='ltr'>cum</span> <span class='ocrx_word' id='word_1_201' title='bbox 812 1419 873 1456; x_wconf 83' lang='lat' dir='ltr'>Sb.</span> <span class='ocrx_word' id='word_1_202' title='bbox 891 1421 971 1456; x_wconf 85' lang='lat' dir='ltr'>lnd.</span> <span class='ocrx_word' id='word_1_203' title='bbox 1004 1419 1157 1458; x_wconf 86' lang='lat' dir='ltr'>aliunde</span> <span class='ocrx_word' id='word_1_204' title='bbox 1177 1421 1341 1456; x_wconf 79' lang='lat' dir='ltr'>mulieres</span> <span class='ocrx_word' id='word_1_205' title='bbox 1367 1420 1408 1456; x_wconf 76' lang='lat' dir='ltr'>in</span> <span class='ocrx_word' id='word_1_206' title='bbox 1429 1419 1617 1456; x_wconf 80' lang='lat' dir='ltr'>matrimo-</span> 
     </span>
     <span class='ocr_line' id='line_1_28' title="bbox 85 1468 1618 1517; baseline -0.004 -7"><span class='ocrx_word' id='word_1_207' title='bbox 85 1474 145 1510; x_wconf 78' lang='lat' dir='ltr'>m‘o</span> <span class='ocrx_word' id='word_1_208' title='bbox 164 1473 306 1512; x_wconf 79' lang='lat' dir='ltr'>habere,</span> <span class='ocrx_word' id='word_1_209' title='bbox 337 1470 397 1506; x_wconf 88' lang='lat' dir='ltr'>vel</span> <span class='ocrx_word' id='word_1_210' title='bbox 417 1469 533 1517; x_wconf 74' lang='lat' dir='ltr'>simpl.</span> <span class='ocrx_word' id='word_1_211' title='bbox 555 1481 683 1505; x_wconf 81' lang='lat' dir='ltr'>uxores</span> <span class='ocrx_word' id='word_1_212' title='bbox 704 1469 854 1511; x_wconf 72' lang='lat' dir='ltr'>habere,</span> <span class='ocrx_word' id='word_1_213' title='bbox 881 1468 904 1504; x_wconf 88' lang='lat' dir='ltr'>s.</span> <span class='ocrx_word' id='word_1_214' title='bbox 922 1471 1061 1510; x_wconf 77' lang='lat' dir='ltr'>ducere,</span> <span class='ocrx_word' id='word_1_215' title='bbox 1088 1469 1135 1506; x_wconf 85' lang='lat' dir='ltr'>sc.</span> <span class='ocrx_word' id='word_1_216' title='bbox 1165 1482 1229 1516; x_wconf 78' lang='lat' dir='ltr'>per</span> <span class='ocrx_word' id='word_1_217' title='bbox 1249 1482 1371 1506; x_wconf 88' lang='lat' dir='ltr'>annos</span> <span class='ocrx_word' id='word_1_218' title='bbox 1392 1470 1563 1508; x_wconf 85' lang='lat' dir='ltr'>militiae,</span> <span class='ocrx_word' id='word_1_219' title='bbox 1577 1475 1618 1504; x_wconf 82' lang='lat' dir='ltr'>et</span> 
     </span>
     <span class='ocr_line' id='line_1_29' title="bbox 86 1516 1618 1569; baseline -0.005 -10"><span class='ocrx_word' id='word_1_220' title='bbox 86 1522 180 1559; x_wconf 86' lang='lat' dir='ltr'>dum</span> <span class='ocrx_word' id='word_1_221' title='bbox 197 1519 643 1569; x_wconf 77' lang='lat' dir='ltr'>stipendiamererentur,</span> <span class='ocrx_word' id='word_1_222' title='bbox 671 1530 711 1555; x_wconf 90' lang='lat' dir='ltr'>et</span> <span class='ocrx_word' id='word_1_223' title='bbox 732 1518 870 1556; x_wconf 86' lang='lat' dir='ltr'>deinde</span> <span class='ocrx_word' id='word_1_224' title='bbox 885 1520 1033 1555; x_wconf 87' lang='lat' dir='ltr'>easdem</span> <span class='ocrx_word' id='word_1_225' title='bbox 1055 1518 1179 1555; x_wconf 89' lang='lat' dir='ltr'>secum</span> <span class='ocrx_word' id='word_1_226' title='bbox 1200 1519 1334 1556; x_wconf 88' lang='lat' dir='ltr'>habere</span> <span class='ocrx_word' id='word_1_227' title='bbox 1355 1532 1398 1555; x_wconf 88' lang='lat' dir='ltr'>ac</span> <span class='ocrx_word' id='word_1_228' title='bbox 1418 1521 1555 1557; x_wconf 82' lang='lat' dir='ltr'>ducere</span> <span class='ocrx_word' id='word_1_229' title='bbox 1576 1516 1618 1553; x_wconf 81' lang='lat' dir='ltr'>in</span> 
     </span>
     <span class='ocr_line' id='line_1_30' title="bbox 85 1567 1617 1617; baseline -0.005 -8"><span class='ocrx_word' id='word_1_230' title='bbox 85 1572 191 1610; x_wconf 89' lang='lat' dir='ltr'>bello</span> <span class='ocrx_word' id='word_1_231' title='bbox 220 1583 260 1607; x_wconf 89' lang='lat' dir='ltr'>ac</span> <span class='ocrx_word' id='word_1_232' title='bbox 287 1569 426 1611; x_wconf 82' lang='lat' dir='ltr'>castris;</span> <span class='ocrx_word' id='word_1_233' title='bbox 463 1567 667 1605; x_wconf 81' lang='lat' dir='ltr'>formulam</span> <span class='ocrx_word' id='word_1_234' title='bbox 690 1568 753 1604; x_wconf 85' lang='lat' dir='ltr'>Gr.</span> <span class='ocrx_word' id='word_1_235' title='bbox 786 1568 988 1617; x_wconf 82' lang='lat' dir='ltr'>ignorante</span> <span class='ocrx_word' id='word_1_236' title='bbox 1007 1570 1088 1616; x_wconf 76' lang='lat' dir='ltr'>Stp.</span> <span class='ocrx_word' id='word_1_237' title='bbox 1118 1569 1215 1611; x_wconf 59' lang='lat' dir='ltr'>Th„</span> <span class='ocrx_word' id='word_1_238' title='bbox 1245 1579 1340 1617; x_wconf 81' lang='lat' dir='ltr'>quae</span> <span class='ocrx_word' id='word_1_239' title='bbox 1369 1568 1421 1607; x_wconf 77' lang='lat' dir='ltr'>est</span> <span class='ocrx_word' id='word_1_240' title='bbox 1443 1570 1484 1605; x_wconf 83' lang='lat' dir='ltr'>in</span> <span class='ocrx_word' id='word_1_241' title='bbox 1503 1569 1617 1604; x_wconf 84' lang='lat' dir='ltr'>Dem.</span> 
     </span>
     <span class='ocr_line' id='line_1_31' title="bbox 83 1617 1617 1666; baseline -0.004 -7"><span class='ocrx_word' id='word_1_242' title='bbox 83 1624 193 1663; x_wconf 87' lang='lat' dir='ltr'>Ind.,</span> <span class='ocrx_word' id='word_1_243' title='bbox 224 1620 283 1657; x_wconf 88' lang='lat' dir='ltr'>cui</span> <span class='ocrx_word' id='word_1_244' title='bbox 304 1619 384 1656; x_wconf 88' lang='lat' dir='ltr'>add.</span> <span class='ocrx_word' id='word_1_245' title='bbox 406 1628 490 1661; x_wconf 82' lang='lat'>811,</span> <span class='ocrx_word' id='word_1_246' title='bbox 517 1622 551 1654; x_wconf 90' lang='lat'>6.</span> <span class='ocrx_word' id='word_1_247' title='bbox 578 1630 659 1661; x_wconf 60' lang='lat'>17„</span> <span class='ocrx_word' id='word_1_248' title='bbox 688 1617 738 1654; x_wconf 81' lang='lat' dir='ltr'>cf.</span> <span class='ocrx_word' id='word_1_249' title='bbox 760 1617 902 1666; x_wconf 85' lang='lat' dir='ltr'>aliquid</span> <span class='ocrx_word' id='word_1_250' title='bbox 933 1618 971 1654; x_wconf 91' lang='lat' dir='ltr'>in</span> <span class='ocrx_word' id='word_1_251' title='bbox 993 1621 1058 1666; x_wconf 83' lang='lat' dir='ltr'>Bg.</span> <span class='ocrx_word' id='word_1_252' title='bbox 1075 1631 1133 1666; x_wconf 86' lang='lat' dir='ltr'>ap.</span> <span class='ocrx_word' id='word_1_253' title='bbox 1156 1619 1205 1655; x_wconf 88' lang='lat' dir='ltr'>G.</span> <span class='ocrx_word' id='word_1_254' title='bbox 1229 1619 1304 1654; x_wconf 85' lang='lat' dir='ltr'>Th.</span> <span class='ocrx_word' id='word_1_255' title='bbox 1327 1618 1367 1655; x_wconf 88' lang='lat' dir='ltr'>in</span> <span class='ocrx_word' id='word_1_256' title='bbox 1399 1618 1506 1655; x_wconf 89' lang='lat' dir='ltr'>subst.</span> <span class='ocrx_word' id='word_1_257' title='bbox 1531 1623 1617 1661; x_wconf 74' lang='lat'>258,</span> 
     </span>
     <span class='ocr_line' id='line_1_32' title="bbox 83 1667 1540 1718; baseline -0.001 -10"><span class='ocrx_word' id='word_1_258' title='bbox 83 1682 169 1718; x_wconf 86' lang='lat'>75.,</span> <span class='ocrx_word' id='word_1_259' title='bbox 193 1669 441 1706; x_wconf 87' lang='lat' dir='ltr'>substituente</span> <span class='ocrx_word' id='word_1_260' title='bbox 468 1681 538 1716; x_wconf 89' lang='lat' dir='ltr'>pro</span> <span class='ocrx_word' id='word_1_261' title='bbox 566 1683 690 1706; x_wconf 79' lang='grc' dir='ltr'><strong><em>συνοικ.</em></strong></span> <span class='ocrx_word' id='word_1_262' title='bbox 722 1667 824 1705; x_wconf 87' lang='lat' dir='ltr'>aliud</span> <span class='ocrx_word' id='word_1_263' title='bbox 845 1681 879 1703; x_wconf 89' lang='lat' dir='ltr'>v.</span> <span class='ocrx_word' id='word_1_264' title='bbox 900 1667 1003 1705; x_wconf 90' lang='lat' dir='ltr'>Suid.</span> <span class='ocrx_word' id='word_1_265' title='bbox 1027 1669 1053 1705; x_wconf 88' lang='lat' dir='ltr'>l.</span> <span class='ocrx_word' id='word_1_266' title='bbox 1080 1668 1126 1710; x_wconf 87' lang='lat' dir='ltr'>l.,</span> <span class='ocrx_word' id='word_1_267' title='bbox 1153 1678 1195 1705; x_wconf 89' lang='lat' dir='ltr'>ut</span> <span class='ocrx_word' id='word_1_268' title='bbox 1213 1679 1254 1705; x_wconf 89' lang='lat' dir='ltr'>et</span> <span class='ocrx_word' id='word_1_269' title='bbox 1274 1680 1342 1716; x_wconf 85' lang='lat' dir='ltr'>pro</span> <span class='ocrx_word' id='word_1_270' title='bbox 1363 1680 1416 1716; x_wconf 87' lang='lat' dir='ltr'>pr.</span> <span class='ocrx_word' id='word_1_271' title='bbox 1434 1683 1540 1716; x_wconf 62' lang='lat' dir='ltr'>mne.</span> 
     </span>
    </p>
   </div>
   <div class='ocr_carea' id='block_1_10' title="bbox 80 1729 1620 2397">
    <p class='ocr_par' dir='ltr' id='par_1_10' title="bbox 80 1729 1620 2235">
     <span class='ocr_line' id='line_1_33' title="bbox 137 1729 1617 1783; baseline -0.004 -9"><span class='ocrx_word' id='word_1_272' title='bbox 137 1737 357 1783; x_wconf 67' lang='grc' dir='ltr'>σωῷςσσυν.)</span> <span class='ocrx_word' id='word_1_273' title='bbox 398 1735 425 1771; x_wconf 89' lang='grc' dir='ltr'><strong>Ε</strong></span> <span class='ocrx_word' id='word_1_274' title='bbox 447 1735 487 1770; x_wconf 83' lang='lat' dir='ltr'>P.</span> <span class='ocrx_word' id='word_1_275' title='bbox 508 1734 581 1775; x_wconf 86' lang='lat' dir='ltr'>est,</span> <span class='ocrx_word' id='word_1_276' title='bbox 611 1746 678 1781; x_wconf 79' lang='lat' dir='ltr'>pro</span> <span class='ocrx_word' id='word_1_277' title='bbox 700 1734 963 1773; x_wconf 85' lang='lat' dir='ltr'>moderatione</span> <span class='ocrx_word' id='word_1_278' title='bbox 992 1734 1018 1773; x_wconf 87' lang='lat' dir='ltr'>s·</span> <span class='ocrx_word' id='word_1_279' title='bbox 1048 1734 1308 1777; x_wconf 84' lang='lat' dir='ltr'>continentia,</span> <span class='ocrx_word' id='word_1_280' title='bbox 1346 1733 1404 1770; x_wconf 86' lang='lat' dir='ltr'>vel</span> <span class='ocrx_word' id='word_1_281' title='bbox 1428 1732 1551 1769; x_wconf 77' lang='lat' dir='ltr'>Leisn.</span> <span class='ocrx_word' id='word_1_282' title='bbox 1572 1729 1617 1769; x_wconf 75' lang='lat' dir='ltr'>in</span> 
     </span>
     <span class='ocr_line' id='line_1_34' title="bbox 83 1783 1619 1837; baseline -0.003 -12"><span class='ocrx_word' id='word_1_283' title='bbox 83 1802 135 1826; x_wconf 87' lang='lat' dir='ltr'>m.</span> <span class='ocrx_word' id='word_1_284' title='bbox 154 1789 227 1822; x_wconf 85' lang='lat' dir='ltr'>Ox.</span> <span class='ocrx_word' id='word_1_285' title='bbox 242 1785 505 1837; x_wconf 72' lang='lat' dir='ltr'>temperantia,</span> <span class='ocrx_word' id='word_1_286' title='bbox 534 1796 572 1820; x_wconf 84' lang='lat' dir='ltr'>et</span> <span class='ocrx_word' id='word_1_287' title='bbox 591 1783 643 1833; x_wconf 86' lang='lat' dir='ltr'>sq.</span> <span class='ocrx_word' id='word_1_288' title='bbox 664 1785 857 1821; x_wconf 80' lang='lat' dir='ltr'>habilitate</span> <span class='ocrx_word' id='word_1_289' title='bbox 880 1798 950 1832; x_wconf 90' lang='lat' dir='ltr'>pro</span> <span class='ocrx_word' id='word_1_290' title='bbox 976 1783 1187 1828; x_wconf 81' lang='lat' dir='ltr'>celeritate,</span> <span class='ocrx_word' id='word_1_291' title='bbox 1217 1798 1261 1832; x_wconf 88' lang='lat' dir='ltr'>ap</span> <span class='ocrx_word' id='word_1_292' title='bbox 1284 1786 1371 1822; x_wconf 85' lang='lat' dir='ltr'>Sch.</span> <span class='ocrx_word' id='word_1_293' title='bbox 1395 1785 1494 1824; x_wconf 64' lang='lat'>„⁵135-</span> <span class='ocrx_word' id='word_1_294' title='bbox 1514 1787 1619 1827; x_wconf 69' lang='lat' dir='ltr'>expe-</span> 
     </span>
     <span class='ocr_line' id='line_1_35' title="bbox 84 1831 1619 1884; baseline -0.005 -9"><span class='ocrx_word' id='word_1_295' title='bbox 84 1837 256 1878; x_wconf 80' lang='lat' dir='ltr'>ditionis,</span> <span class='ocrx_word' id='word_1_296' title='bbox 296 1834 467 1872; x_wconf 70' lang='lat' dir='ltr'>luccinffi</span> <span class='ocrx_word' id='word_1_297' title='bbox 492 1834 603 1870; x_wconf 82' lang='lat' dir='ltr'>status</span> <span class='ocrx_word' id='word_1_298' title='bbox 632 1835 800 1882; x_wconf 80' lang='lat' dir='ltr'>corporis</span> <span class='ocrx_word' id='word_1_299' title='bbox 833 1836 877 1872; x_wconf 74' lang='lat' dir='ltr'>ati</span> <span class='ocrx_word' id='word_1_300' title='bbox 899 1835 1062 1878; x_wconf 88' lang='lat' dir='ltr'>bellum,</span> <span class='ocrx_word' id='word_1_301' title='bbox 1089 1834 1144 1872; x_wconf 75' lang='grc' dir='ltr'>ἔτ.</span> <span class='ocrx_word' id='word_1_302' title='bbox 1172 1847 1317 1883; x_wconf 85' lang='lat' dir='ltr'>paratae</span> <span class='ocrx_word' id='word_1_303' title='bbox 1342 1831 1619 1884; x_wconf 72' lang='lat' dir='ltr'>promtitudim‘s</span> 
     </span>
     <span class='ocr_line' id='line_1_36' title="bbox 85 1882 1619 1931; baseline -0.003 -8"><span class='ocrx_word' id='word_1_304' title='bbox 85 1887 134 1926; x_wconf 77' lang='lat' dir='ltr'>ad</span> <span class='ocrx_word' id='word_1_305' title='bbox 153 1886 328 1924; x_wconf 57' lang='lat' dir='ltr'>bellumss‘</span> <span class='ocrx_word' id='word_1_306' title='bbox 352 1883 390 1920; x_wconf 88' lang='lat' dir='ltr'>in</span> <span class='ocrx_word' id='word_1_307' title='bbox 416 1897 470 1931; x_wconf 87' lang='lat' dir='ltr'>pr.</span> <span class='ocrx_word' id='word_1_308' title='bbox 485 1886 555 1924; x_wconf 74' lang='grc' dir='ltr'>εὐς.</span> <span class='ocrx_word' id='word_1_309' title='bbox 578 1883 762 1921; x_wconf 85' lang='lat' dir='ltr'>reddente</span> <span class='ocrx_word' id='word_1_310' title='bbox 788 1885 868 1931; x_wconf 87' lang='lat' dir='ltr'>Stp.</span> <span class='ocrx_word' id='word_1_311' title='bbox 891 1886 963 1920; x_wconf 85' lang='lat' dir='ltr'>Th.</span> <span class='ocrx_word' id='word_1_312' title='bbox 987 1896 1072 1922; x_wconf 87' lang='lat' dir='ltr'>cum</span> <span class='ocrx_word' id='word_1_313' title='bbox 1095 1886 1154 1926; x_wconf 79' lang='lat' dir='ltr'>l’.‚</span> <span class='ocrx_word' id='word_1_314' title='bbox 1182 1883 1245 1922; x_wconf 87' lang='lat' dir='ltr'>sed</span> <span class='ocrx_word' id='word_1_315' title='bbox 1274 1884 1312 1920; x_wconf 82' lang='lat' dir='ltr'>in</span> <span class='ocrx_word' id='word_1_316' title='bbox 1341 1895 1414 1923; x_wconf 83' lang='lat' dir='ltr'>utr.</span> <span class='ocrx_word' id='word_1_317' title='bbox 1436 1882 1619 1919; x_wconf 76' lang='lat' dir='ltr'>scribente</span> 
     </span>
     <span class='ocr_line' id='line_1_37' title="bbox 83 1930 1619 1984; baseline -0.003 -11"><span class='ocrx_word' id='word_1_318' title='bbox 83 1938 225 1976; x_wconf 74' lang='lat' dir='ltr'>Nostro</span> <span class='ocrx_word' id='word_1_319' title='bbox 249 1935 295 1971; x_wconf 89' lang='lat' dir='ltr'>ad</span> <span class='ocrx_word' id='word_1_320' title='bbox 314 1936 460 1982; x_wconf 82' lang='lat' dir='ltr'>analog.</span> <span class='ocrx_word' id='word_1_321' title='bbox 481 1933 519 1970; x_wconf 89' lang='lat' dir='ltr'>in</span> <span class='ocrx_word' id='word_1_322' title='bbox 542 1935 685 1970; x_wconf 83' lang='lat' dir='ltr'>neutris</span> <span class='ocrx_word' id='word_1_323' title='bbox 707 1934 779 1970; x_wconf 89' lang='lat' dir='ltr'>adi.</span> <span class='ocrx_word' id='word_1_324' title='bbox 804 1947 872 1981; x_wconf 90' lang='lat' dir='ltr'>pro</span> <span class='ocrx_word' id='word_1_325' title='bbox 895 1933 999 1971; x_wconf 91' lang='lat' dir='ltr'>subst.</span> <span class='ocrx_word' id='word_1_326' title='bbox 1015 1959 1026 1975; x_wconf 96' lang='lat'>,</span> <span class='ocrx_word' id='word_1_327' title='bbox 1055 1945 1093 1971; x_wconf 84' lang='lat' dir='ltr'>et</span> <span class='ocrx_word' id='word_1_328' title='bbox 1112 1933 1151 1970; x_wconf 90' lang='lat' dir='ltr'>in</span> <span class='ocrx_word' id='word_1_329' title='bbox 1174 1944 1282 1980; x_wconf 68' lang='grc' dir='ltr'><strong><em>σωφς.</em></strong></span> <span class='ocrx_word' id='word_1_330' title='bbox 1311 1933 1515 1984; x_wconf 84' lang='lat' dir='ltr'>cogitante,</span> <span class='ocrx_word' id='word_1_331' title='bbox 1534 1930 1619 1979; x_wconf 83' lang='lat' dir='ltr'>opi-</span> 
     </span>
     <span class='ocr_line' id='line_1_38' title="bbox 85 1982 1620 2034; baseline -0.003 -12"><span class='ocrx_word' id='word_1_332' title='bbox 85 2001 185 2028; x_wconf 77' lang='lat' dir='ltr'>nor,</span> <span class='ocrx_word' id='word_1_333' title='bbox 215 1985 335 2034; x_wconf 85' lang='lat' dir='ltr'>priora</span> <span class='ocrx_word' id='word_1_334' title='bbox 357 1985 431 2020; x_wconf 84' lang='lat' dir='ltr'>duo</span> <span class='ocrx_word' id='word_1_335' title='bbox 455 1986 501 2020; x_wconf 85' lang='lat' dir='ltr'>de</span> <span class='ocrx_word' id='word_1_336' title='bbox 519 1982 668 2020; x_wconf 80' lang='lat' dir='ltr'>annulis</span> <span class='ocrx_word' id='word_1_337' title='bbox 688 1994 726 2019; x_wconf 88' lang='lat' dir='ltr'>et</span> <span class='ocrx_word' id='word_1_338' title='bbox 743 1983 977 2026; x_wconf 87' lang='lat' dir='ltr'>mulieribus,</span> <span class='ocrx_word' id='word_1_339' title='bbox 1005 1983 1119 2020; x_wconf 84' lang='lat' dir='ltr'>sedin</span> <span class='ocrx_word' id='word_1_340' title='bbox 1141 1987 1211 2023; x_wconf 70' lang='grc' dir='ltr'>εϋς.</span> <span class='ocrx_word' id='word_1_341' title='bbox 1231 1996 1264 2021; x_wconf 69' lang='grc' dir='ltr'>Α.</span> <span class='ocrx_word' id='word_1_342' title='bbox 1286 1995 1364 2020; x_wconf 86' lang='lat' dir='ltr'>tum</span> <span class='ocrx_word' id='word_1_343' title='bbox 1388 1984 1451 2018; x_wconf 85' lang='lat' dir='ltr'>has</span> <span class='ocrx_word' id='word_1_344' title='bbox 1470 1993 1620 2024; x_wconf 81' lang='lat' dir='ltr'>uxores,</span> 
     </span>
     <span class='ocr_line' id='line_1_39' title="bbox 85 2030 1618 2082; baseline -0.003 -8"><span class='ocrx_word' id='word_1_345' title='bbox 85 2048 170 2074; x_wconf 84' lang='lat' dir='ltr'>tum</span> <span class='ocrx_word' id='word_1_346' title='bbox 200 2034 357 2071; x_wconf 82' lang='lat' dir='ltr'>sarcinas</span> <span class='ocrx_word' id='word_1_347' title='bbox 387 2033 616 2070; x_wconf 82' lang='lat' dir='ltr'>molestiores</span> <span class='ocrx_word' id='word_1_348' title='bbox 650 2032 689 2069; x_wconf 84' lang='lat' dir='ltr'>in</span> <span class='ocrx_word' id='word_1_349' title='bbox 721 2033 904 2070; x_wconf 85' lang='lat' dir='ltr'>frumenti</span> <span class='ocrx_word' id='word_1_350' title='bbox 938 2034 1120 2082; x_wconf 82' lang='lat' dir='ltr'>panisque</span> <span class='ocrx_word' id='word_1_351' title='bbox 1147 2033 1239 2070; x_wconf 84' lang='lat' dir='ltr'>adeo</span> <span class='ocrx_word' id='word_1_352' title='bbox 1279 2033 1460 2081; x_wconf 80' lang='lat' dir='ltr'>portione</span> <span class='ocrx_word' id='word_1_353' title='bbox 1484 2030 1618 2070; x_wconf 75' lang='lat' dir='ltr'>maiori</span> 
     </span>
     <span class='ocr_line' id='line_1_40' title="bbox 83 2080 1617 2133; baseline -0.004 -11"><span class='ocrx_word' id='word_1_354' title='bbox 83 2086 214 2125; x_wconf 72' lang='lat' dir='ltr'>secu-u</span> <span class='ocrx_word' id='word_1_355' title='bbox 246 2085 450 2133; x_wconf 82' lang='lat' dir='ltr'>portanda;</span> <span class='ocrx_word' id='word_1_356' title='bbox 489 2084 553 2120; x_wconf 90' lang='lat' dir='ltr'>ubi</span> <span class='ocrx_word' id='word_1_357' title='bbox 590 2084 661 2118; x_wconf 87' lang='lat' dir='ltr'>Ms.</span> <span class='ocrx_word' id='word_1_358' title='bbox 689 2081 780 2119; x_wconf 86' lang='lat' dir='ltr'>alius</span> <span class='ocrx_word' id='word_1_359' title='bbox 813 2083 907 2119; x_wconf 88' lang='lat' dir='ltr'>ordo</span> <span class='ocrx_word' id='word_1_360' title='bbox 940 2083 1128 2132; x_wconf 80' lang='lat' dir='ltr'>pertinere</span> <span class='ocrx_word' id='word_1_361' title='bbox 1149 2084 1298 2120; x_wconf 83' lang='lat' dir='ltr'>videtur</span> <span class='ocrx_word' id='word_1_362' title='bbox 1327 2084 1371 2120; x_wconf 88' lang='lat' dir='ltr'>ad</span> <span class='ocrx_word' id='word_1_363' title='bbox 1401 2080 1617 2120; x_wconf 80' lang='lat' dir='ltr'>laevitatem</span> 
     </span>
     <span class='ocr_line' id='line_1_41' title="bbox 84 2131 1619 2184; baseline -0.002 -11"><span class='ocrx_word' id='word_1_364' title='bbox 84 2136 289 2176; x_wconf 83' lang='lat' dir='ltr'>maiorem,</span> <span class='ocrx_word' id='word_1_365' title='bbox 318 2133 357 2170; x_wconf 89' lang='lat' dir='ltr'>in</span> <span class='ocrx_word' id='word_1_366' title='bbox 379 2131 510 2181; x_wconf 88' lang='lat' dir='ltr'>primis</span> <span class='ocrx_word' id='word_1_367' title='bbox 528 2133 574 2169; x_wconf 87' lang='lat' dir='ltr'>ad</span> <span class='ocrx_word' id='word_1_368' title='bbox 592 2131 791 2170; x_wconf 88' lang='lat' dir='ltr'>vitandum</span> <span class='ocrx_word' id='word_1_369' title='bbox 810 2132 955 2172; x_wconf 86' lang='lat' dir='ltr'>hiatum</span> <span class='ocrx_word' id='word_1_370' title='bbox 972 2133 1092 2184; x_wconf 67' lang='lat' dir='ltr'>dupl„</span> <span class='ocrx_word' id='word_1_371' title='bbox 1115 2146 1225 2182; x_wconf 76' lang='lat' dir='ltr'>quem</span> <span class='ocrx_word' id='word_1_372' title='bbox 1237 2133 1374 2172; x_wconf 84' lang='lat' dir='ltr'>Noster</span> <span class='ocrx_word' id='word_1_373' title='bbox 1393 2143 1518 2169; x_wconf 86' lang='lat' dir='ltr'>tamen</span> <span class='ocrx_word' id='word_1_374' title='bbox 1535 2142 1619 2170; x_wconf 76' lang='lat' dir='ltr'>nou</span> 
     </span>
     <span class='ocr_line' id='line_1_42' title="bbox 80 2183 542 2235; baseline -0.006 -11"><span class='ocrx_word' id='word_1_375' title='bbox 80 2185 240 2235; x_wconf 66' lang='lat' dir='ltr'>refugit,</span> <span class='ocrx_word' id='word_1_376' title='bbox 265 2183 313 2221; x_wconf 87' lang='lat' dir='ltr'>cf.</span> <span class='ocrx_word' id='word_1_377' title='bbox 340 2197 373 2226; x_wconf 80' lang='lat'>2,</span> <span class='ocrx_word' id='word_1_378' title='bbox 406 2195 463 2227; x_wconf 84' lang='lat'>14,</span> <span class='ocrx_word' id='word_1_379' title='bbox 487 2193 542 2231; x_wconf 85' lang='lat'>13.</span> 
     </span>
    </p>

    <p class='ocr_par' dir='ltr' id='par_1_11' title="bbox 84 2246 1618 2397">
     <span class='ocr_line' id='line_1_43' title="bbox 135 2246 1617 2299; baseline -0.001 -10"><span class='ocrx_word' id='word_1_380' title='bbox 135 2251 192 2293; x_wconf 61' lang='grc' dir='ltr'>καὶ</span> <span class='ocrx_word' id='word_1_381' title='bbox 211 2247 349 2297; x_wconf 69' lang='grc' dir='ltr'>πρῶτός</span> <span class='ocrx_word' id='word_1_382' title='bbox 372 2250 442 2292; x_wconf 82' lang='grc' dir='ltr'>τε)</span> <span class='ocrx_word' id='word_1_383' title='bbox 482 2246 556 2284; x_wconf 79' lang='lat' dir='ltr'>Hic</span> <span class='ocrx_word' id='word_1_384' title='bbox 586 2259 743 2298; x_wconf 85' lang='lat' dir='ltr'>quoque</span> <span class='ocrx_word' id='word_1_385' title='bbox 765 2249 986 2297; x_wconf 85' lang='lat' dir='ltr'>particulam</span> <span class='ocrx_word' id='word_1_386' title='bbox 1006 2248 1050 2288; x_wconf 71' lang='grc' dir='ltr'><em>τέ</em></span> <span class='ocrx_word' id='word_1_387' title='bbox 1076 2261 1179 2287; x_wconf 82' lang='lat' dir='ltr'>muta</span> <span class='ocrx_word' id='word_1_388' title='bbox 1209 2248 1250 2286; x_wconf 89' lang='lat' dir='ltr'>in</span> <span class='ocrx_word' id='word_1_389' title='bbox 1269 2255 1323 2296; x_wconf 70' lang='grc' dir='ltr'>γέ.</span> <span class='ocrx_word' id='word_1_390' title='bbox 1350 2247 1470 2299; x_wconf 81' lang='lat' dir='ltr'>Stepb.</span> <span class='ocrx_word' id='word_1_391' title='bbox 1522 2249 1617 2287; x_wconf 73' lang='lat' dir='ltr'>Non</span> 
     </span>
     <span class='ocr_line' id='line_1_44' title="bbox 84 2296 1618 2347; baseline -0.005 -5"><span class='ocrx_word' id='word_1_392' title='bbox 84 2301 281 2342; x_wconf 79' lang='lat' dir='ltr'>immerito</span> <span class='ocrx_word' id='word_1_393' title='bbox 313 2311 391 2338; x_wconf 83' lang='lat' dir='ltr'>tam</span> <span class='ocrx_word' id='word_1_394' title='bbox 408 2296 612 2347; x_wconf 86' lang='lat' dir='ltr'>diligenter</span> <span class='ocrx_word' id='word_1_395' title='bbox 632 2298 802 2336; x_wconf 87' lang='lat' dir='ltr'>observat</span> <span class='ocrx_word' id='word_1_396' title='bbox 820 2299 1063 2337; x_wconf 85' lang='lat' dir='ltr'>Herodianus</span> <span class='ocrx_word' id='word_1_397' title='bbox 1092 2311 1263 2347; x_wconf 80' lang='lat' dir='ltr'>tempora</span> <span class='ocrx_word' id='word_1_398' title='bbox 1293 2309 1331 2336; x_wconf 89' lang='lat' dir='ltr'>et</span> <span class='ocrx_word' id='word_1_399' title='bbox 1352 2298 1547 2336; x_wconf 85' lang='lat' dir='ltr'>intervalla</span> <span class='ocrx_word' id='word_1_400' title='bbox 1566 2299 1618 2334; x_wconf 80' lang='lat' dir='ltr'>la-</span> 
     </span>
     <span class='ocr_line' id='line_1_45' title="bbox 84 2347 1616 2397; baseline -0.001 -9"><span class='ocrx_word' id='word_1_401' title='bbox 84 2362 194 2392; x_wconf 82' lang='lat' dir='ltr'>xatae</span> <span class='ocrx_word' id='word_1_402' title='bbox 215 2359 487 2397; x_wconf 85' lang='lat' dir='ltr'>corruptaeque</span> <span class='ocrx_word' id='word_1_403' title='bbox 506 2347 743 2395; x_wconf 79' lang='lat' dir='ltr'>disciplinae3</span> <span class='ocrx_word' id='word_1_404' title='bbox 772 2349 857 2397; x_wconf 89' lang='lat' dir='ltr'>quia</span> <span class='ocrx_word' id='word_1_405' title='bbox 880 2361 1001 2392; x_wconf 86' lang='lat' dir='ltr'>arma,</span> <span class='ocrx_word' id='word_1_406' title='bbox 1021 2350 1083 2386; x_wconf 85' lang='lat' dir='ltr'>ubi</span> <span class='ocrx_word' id='word_1_407' title='bbox 1111 2362 1129 2386; x_wconf 86' lang='lat' dir='ltr'>a</span> <span class='ocrx_word' id='word_1_408' title='bbox 1160 2350 1261 2386; x_wconf 64' lang='lat' dir='ltr'>recto</span> <span class='ocrx_word' id='word_1_409' title='bbox 1283 2360 1417 2386; x_wconf 89' lang='lat' dir='ltr'>tenore</span> <span class='ocrx_word' id='word_1_410' title='bbox 1437 2347 1616 2395; x_wconf 79' lang='lat' dir='ltr'>paulatim</span> 
     </span>
    </p>
   </div>
   <div class='ocr_carea' id='block_1_11' title="bbox 84 2396 1617 2500">
    <p class='ocr_par' dir='ltr' id='par_1_12' title="bbox 84 2396 1617 2500">
     <span class='ocr_line' id='line_1_46' title="bbox 84 2396 1616 2446; baseline -0.005 -7"><span class='ocrx_word' id='word_1_411' title='bbox 84 2401 300 2442; x_wconf 80' lang='lat' dir='ltr'>descivere,</span> <span class='ocrx_word' id='word_1_412' title='bbox 337 2399 382 2436; x_wconf 78' lang='lat' dir='ltr'>ad</span> <span class='ocrx_word' id='word_1_413' title='bbox 400 2408 604 2435; x_wconf 88' lang='lat' dir='ltr'>extremum</span> <span class='ocrx_word' id='word_1_414' title='bbox 633 2398 842 2445; x_wconf 76' lang='lat' dir='ltr'>oppreffere</span> <span class='ocrx_word' id='word_1_415' title='bbox 858 2411 975 2446; x_wconf 87' lang='lat' dir='ltr'>remp.</span> <span class='ocrx_word' id='word_1_416' title='bbox 989 2424 1001 2442; x_wconf 86' lang='lat'><em>,</em></span> <span class='ocrx_word' id='word_1_417' title='bbox 1027 2410 1071 2436; x_wconf 81' lang='lat' dir='ltr'>ur</span> <span class='ocrx_word' id='word_1_418' title='bbox 1091 2411 1135 2436; x_wconf 82' lang='lat' dir='ltr'>ex</span> <span class='ocrx_word' id='word_1_419' title='bbox 1162 2398 1284 2436; x_wconf 79' lang='lat' dir='ltr'>verbis</span> <span class='ocrx_word' id='word_1_420' title='bbox 1310 2410 1350 2434; x_wconf 87' lang='lat' dir='ltr'>et</span> <span class='ocrx_word' id='word_1_421' title='bbox 1366 2397 1464 2446; x_wconf 84' lang='lat' dir='ltr'>quafi</span> <span class='ocrx_word' id='word_1_422' title='bbox 1485 2396 1616 2433; x_wconf 86' lang='lat' dir='ltr'>varici-</span> 
     </span>
     <span class='ocr_line' id='line_1_47' title="bbox 84 2444 1617 2500; baseline -0.004 -11"><span class='ocrx_word' id='word_1_423' title='bbox 84 2450 155 2490; x_wconf 78' lang='lat' dir='ltr'>nio</span> <span class='ocrx_word' id='word_1_424' title='bbox 178 2450 259 2485; x_wconf 67' lang='lat' dir='ltr'>Val.</span> <span class='ocrx_word' id='word_1_425' title='bbox 282 2450 380 2485; x_wconf 84' lang='lat' dir='ltr'>Max.</span> <span class='ocrx_word' id='word_1_426' title='bbox 402 2461 434 2489; x_wconf 83' lang='lat'>2,</span> <span class='ocrx_word' id='word_1_427' title='bbox 457 2459 491 2490; x_wconf 87' lang='lat'>7.</span> <span class='ocrx_word' id='word_1_428' title='bbox 511 2447 585 2482; x_wconf 89' lang='lat' dir='ltr'>hoc</span> <span class='ocrx_word' id='word_1_429' title='bbox 608 2447 742 2489; x_wconf 85' lang='lat' dir='ltr'>dicam,</span> <span class='ocrx_word' id='word_1_430' title='bbox 764 2448 829 2497; x_wconf 89' lang='lat' dir='ltr'>qui</span> <span class='ocrx_word' id='word_1_431' title='bbox 851 2462 919 2497; x_wconf 87' lang='lat' dir='ltr'>pro</span> <span class='ocrx_word' id='word_1_432' title='bbox 941 2447 1056 2486; x_wconf 88' lang='lat' dir='ltr'>unico</span> <span class='ocrx_word' id='word_1_433' title='bbox 1066 2449 1311 2500; x_wconf 76' lang='lat' dir='ltr'>stabilimento</span> <span class='ocrx_word' id='word_1_434' title='bbox 1331 2447 1476 2497; x_wconf 75' lang='lat' dir='ltr'>imperii</span> <span class='ocrx_word' id='word_1_435' title='bbox 1493 2444 1617 2484; x_wconf 57' lang='lat' dir='ltr'>retlis-</span> 
     </span>
    </p>
   </div>
   <div class='ocr_carea' id='block_1_12' title="bbox 1675 28 1711 86">
    <p class='ocr_par' dir='ltr' id='par_1_13' title="bbox 1675 28 1711 86">
     <span class='ocr_line' id='line_1_48' title="bbox 1675 28 1711 86; baseline 0 -46"><span class='ocrx_word' id='word_1_436' title='bbox 1675 28 1711 86; x_wconf 33' lang='lat' dir='ltr'>..h</span> 
     </span>
    </p>
   </div>
   <div class='ocr_carea' id='block_1_13' title="bbox 84 2495 1675 2548">
    <p class='ocr_par' dir='ltr' id='par_1_14' title="bbox 84 2495 1675 2548">
     <span class='ocr_line' id='line_1_49' title="bbox 84 2495 1675 2548; baseline -0.002 -12"><span class='ocrx_word' id='word_1_437' title='bbox 84 2499 175 2539; x_wconf 68' lang='lat' dir='ltr'>{ime</span> <span class='ocrx_word' id='word_1_438' title='bbox 196 2497 366 2548; x_wconf 84' lang='lat' dir='ltr'>agnoscit</span> <span class='ocrx_word' id='word_1_439' title='bbox 388 2496 635 2544; x_wconf 78' lang='lat' dir='ltr'>disciplinam.</span> <span class='ocrx_word' id='word_1_440' title='bbox 689 2498 796 2534; x_wconf 87' lang='lat' dir='ltr'>Adde</span> <span class='ocrx_word' id='word_1_441' title='bbox 824 2497 934 2545; x_wconf 79' lang='lat' dir='ltr'>supra</span> <span class='ocrx_word' id='word_1_442' title='bbox 953 2511 990 2539; x_wconf 87' lang='lat'>2,</span> <span class='ocrx_word' id='word_1_443' title='bbox 1016 2503 1052 2542; x_wconf 90' lang='lat'>6,</span> <span class='ocrx_word' id='word_1_444' title='bbox 1074 2504 1148 2546; x_wconf 78' lang='lat'>(21.</span> <span class='ocrx_word' id='word_1_445' title='bbox 1169 2498 1239 2546; x_wconf 85' lang='lat' dir='ltr'>sq.)</span> <span class='ocrx_word' id='word_1_446' title='bbox 1258 2498 1372 2535; x_wconf 66' lang='lat' dir='ltr'>Boecl.</span> <span class='ocrx_word' id='word_1_447' title='bbox 1425 2495 1528 2534; x_wconf 82' lang='lat' dir='ltr'>Huic</span> <span class='ocrx_word' id='word_1_448' title='bbox 1548 2497 1615 2533; x_wconf 87' lang='lat' dir='ltr'>ob-</span> <span class='ocrx_word' id='word_1_449' title='bbox 1669 2514 1675 2517; x_wconf 91' lang='lat'>·</span> 
     </span>
    </p>
   </div>
   <div class='ocr_carea' id='block_1_14' title="bbox 82 2546 1629 2795">
    <p class='ocr_par' dir='ltr' id='par_1_15' title="bbox 82 2546 1629 2795">
     <span class='ocr_line' id='line_1_50' title="bbox 83 2546 1613 2595; baseline -0.004 -8"><span class='ocrx_word' id='word_1_450' title='bbox 83 2548 291 2590; x_wconf 73' lang='lat' dir='ltr'>servationi</span> <span class='ocrx_word' id='word_1_451' title='bbox 318 2549 424 2584; x_wconf 81' lang='lat' dir='ltr'>locus</span> <span class='ocrx_word' id='word_1_452' title='bbox 445 2546 574 2583; x_wconf 82' lang='lat' dir='ltr'>fuisset</span> <span class='ocrx_word' id='word_1_453' title='bbox 598 2547 637 2581; x_wconf 85' lang='lat' dir='ltr'>in</span> <span class='ocrx_word' id='word_1_454' title='bbox 657 2547 734 2582; x_wconf 87' lang='lat' dir='ltr'>vita</span> <span class='ocrx_word' id='word_1_455' title='bbox 754 2546 914 2590; x_wconf 81' lang='lat' dir='ltr'>Iuliani,</span> <span class='ocrx_word' id='word_1_456' title='bbox 941 2548 1006 2595; x_wconf 84' lang='lat' dir='ltr'>qui</span> <span class='ocrx_word' id='word_1_457' title='bbox 1028 2559 1168 2585; x_wconf 88' lang='lat' dir='ltr'>emerat</span> <span class='ocrx_word' id='word_1_458' title='bbox 1189 2561 1207 2583; x_wconf 91' lang='lat' dir='ltr'>a</span> <span class='ocrx_word' id='word_1_459' title='bbox 1230 2547 1414 2584; x_wconf 82' lang='lat' dir='ltr'>militibus</span> <span class='ocrx_word' id='word_1_460' title='bbox 1441 2558 1613 2595; x_wconf 86' lang='lat' dir='ltr'>regnum,</span> 
     </span>
     <span class='ocr_line' id='line_1_51' title="bbox 82 2595 1629 2646; baseline -0.003 -8"><span class='ocrx_word' id='word_1_461' title='bbox 82 2598 155 2638; x_wconf 75' lang='lat' dir='ltr'>nist</span> <span class='ocrx_word' id='word_1_462' title='bbox 178 2598 276 2635; x_wconf 87' lang='lat' dir='ltr'>inter</span> <span class='ocrx_word' id='word_1_463' title='bbox 296 2596 430 2634; x_wconf 83' lang='lat' dir='ltr'>Iuliani</span> <span class='ocrx_word' id='word_1_464' title='bbox 450 2595 597 2633; x_wconf 74' lang='lat' dir='ltr'>tacinus</span> <span class='ocrx_word' id='word_1_465' title='bbox 615 2607 655 2632; x_wconf 88' lang='lat' dir='ltr'>et</span> <span class='ocrx_word' id='word_1_466' title='bbox 676 2595 804 2633; x_wconf 86' lang='lat' dir='ltr'>Severi</span> <span class='ocrx_word' id='word_1_467' title='bbox 827 2597 917 2646; x_wconf 84' lang='lat' dir='ltr'>quid</span> <span class='ocrx_word' id='word_1_468' title='bbox 938 2597 1139 2634; x_wconf 75' lang='lat' dir='ltr'>interesset.</span> <span class='ocrx_word' id='word_1_469' title='bbox 1188 2598 1460 2635; x_wconf 76' lang='lat' dir='ltr'>Namlulianus</span> <span class='ocrx_word' id='word_1_470' title='bbox 1481 2595 1629 2634; x_wconf 48' lang='lat' dir='ltr'>militia</span> 
     </span>
     <span class='ocr_line' id='line_1_52' title="bbox 86 2644 1614 2696; baseline -0.003 -10"><span class='ocrx_word' id='word_1_471' title='bbox 86 2650 157 2686; x_wconf 90' lang='lat' dir='ltr'>bus</span> <span class='ocrx_word' id='word_1_472' title='bbox 181 2647 378 2696; x_wconf 79' lang='lat' dir='ltr'>pecuniam</span> <span class='ocrx_word' id='word_1_473' title='bbox 402 2645 509 2683; x_wconf 88' lang='lat' dir='ltr'>dedit</span> <span class='ocrx_word' id='word_1_474' title='bbox 527 2658 573 2682; x_wconf 89' lang='lat' dir='ltr'>ex</span> <span class='ocrx_word' id='word_1_475' title='bbox 602 2645 707 2693; x_wconf 58' lang='lat' dir='ltr'>paeto</span> <span class='ocrx_word' id='word_1_476' title='bbox 721 2672 731 2688; x_wconf 90' lang='lat'>‚</span> <span class='ocrx_word' id='word_1_477' title='bbox 754 2644 816 2683; x_wconf 90' lang='lat' dir='ltr'>sed</span> <span class='ocrx_word' id='word_1_478' title='bbox 834 2650 989 2684; x_wconf 84' lang='lat' dir='ltr'>Severus</span> <span class='ocrx_word' id='word_1_479' title='bbox 1010 2649 1111 2685; x_wconf 87' lang='lat' dir='ltr'>ultro</span> <span class='ocrx_word' id='word_1_480' title='bbox 1132 2647 1209 2684; x_wconf 85' lang='lat' dir='ltr'>illis</span> <span class='ocrx_word' id='word_1_481' title='bbox 1228 2646 1410 2683; x_wconf 86' lang='lat' dir='ltr'>frumenti</span> <span class='ocrx_word' id='word_1_482' title='bbox 1433 2646 1614 2683; x_wconf 85' lang='lat' dir='ltr'>summam</span> 
     </span>
     <span class='ocr_line' id='line_1_53' title="bbox 84 2694 1614 2751; baseline -0.001 -17"><span class='ocrx_word' id='word_1_483' title='bbox 84 2696 214 2740; x_wconf 75' lang='lat' dir='ltr'>auxit,</span> <span class='ocrx_word' id='word_1_484' title='bbox 257 2696 407 2751; x_wconf 75' lang='lat' dir='ltr'>aliaque</span> <span class='ocrx_word' id='word_1_485' title='bbox 433 2694 598 2733; x_wconf 77' lang='lat' dir='ltr'>indulfit.</span> <span class='ocrx_word' id='word_1_486' title='bbox 665 2697 886 2738; x_wconf 86' lang='lat' dir='ltr'>Caeterum,</span> <span class='ocrx_word' id='word_1_487' title='bbox 930 2696 1034 2745; x_wconf 89' lang='lat' dir='ltr'>quod</span> <span class='ocrx_word' id='word_1_488' title='bbox 1061 2698 1098 2733; x_wconf 89' lang='lat' dir='ltr'>h.</span> <span class='ocrx_word' id='word_1_489' title='bbox 1129 2699 1151 2732; x_wconf 87' lang='lat' dir='ltr'>l.</span> <span class='ocrx_word' id='word_1_490' title='bbox 1185 2697 1433 2744; x_wconf 76' lang='lat' dir='ltr'>exprobratur</span> <span class='ocrx_word' id='word_1_491' title='bbox 1458 2697 1614 2740; x_wconf 77' lang='lat' dir='ltr'>Severo,</span> 
     </span>
     <span class='ocr_line' id='line_1_54' title="bbox 84 2743 1605 2795; baseline -0.003 -7"><span class='ocrx_word' id='word_1_492' title='bbox 84 2746 190 2788; x_wconf 75' lang='lat' dir='ltr'>idem</span> <span class='ocrx_word' id='word_1_493' title='bbox 217 2745 314 2787; x_wconf 75' lang='lat' dir='ltr'>vino</span> <span class='ocrx_word' id='word_1_494' title='bbox 333 2744 445 2785; x_wconf 82' lang='lat' dir='ltr'>datur</span> <span class='ocrx_word' id='word_1_495' title='bbox 461 2746 508 2785; x_wconf 89' lang='lat' dir='ltr'>ab</span> <span class='ocrx_word' id='word_1_496' title='bbox 526 2745 613 2786; x_wconf 82' lang='lat' dir='ltr'>Sall.</span> <span class='ocrx_word' id='word_1_497' title='bbox 634 2745 671 2786; x_wconf 80' lang='lat' dir='ltr'>b.</span> <span class='ocrx_word' id='word_1_498' title='bbox 694 2746 776 2785; x_wconf 86' lang='lat' dir='ltr'>Cat.</span> <span class='ocrx_word' id='word_1_499' title='bbox 799 2757 858 2790; x_wconf 71' lang='grc' dir='ltr'>ιι,</span> <span class='ocrx_word' id='word_1_500' title='bbox 878 2759 911 2795; x_wconf 85' lang='lat'>5.</span> <span class='ocrx_word' id='word_1_501' title='bbox 933 2745 1049 2785; x_wconf 83' lang='lat' dir='ltr'>etiam</span> <span class='ocrx_word' id='word_1_502' title='bbox 1072 2746 1211 2786; x_wconf 83' lang='lat' dir='ltr'>Sullae.</span> <span class='ocrx_word' id='word_1_503' title='bbox 1239 2747 1359 2784; x_wconf 79' lang='lat' dir='ltr'>Leisn.</span> <span class='ocrx_word' id='word_1_504' title='bbox 1602 2743 1605 2745; x_wconf 84' lang='grc'><strong>’</strong></span> 
     </span>
    </p>
   </div>
   <div class='ocr_carea' id='block_1_15' title="bbox 1690 1486 1722 3086">
    <p class='ocr_par' dir='ltr' id='par_1_16' title="bbox 1690 1486 1722 3086">
     <span class='ocr_line' id='line_1_55' title="bbox 1690 1486 1722 3086; baseline 0 0"><span class='ocrx_word' id='word_1_505' title='bbox 1690 1486 1722 3086; x_wconf 95' lang='lat' dir='ltr'> </span> 
     </span>
    </p>
   </div>
  </div>
 </body>
</html>
