1722 3086
167 102 271 156 476
315 101 488 146 LIBER
508 101 565 145 II.
609 101 856 149 CARXV.
888 104 944 146 A.
967 103 1024 147 V.
1048 104 1240 160 C.946.
1279 107 1498 152 CHR.N.
1527 119 1646 165 193.

159 221 360 286 γξοιφεῖς
393 210 466 278 καὶ
502 216 683 273 ποιηταὶ
710 214 876 285 μέτςων
905 230 926 263 Ρ
964 222 1092 270 multi
1117 223 1373 289 scriptores,
1416 238 1513 275 tum
1534 235 1695 294 poetae

159 291 443 362 πλατύτεξον
477 292 756 361 συνέταξαν,
812 290 919 342 ὑπᾶ-
957 300 1161 364 pluribus
1196 302 1564 369 conscripserunt,
1602 323 1693 352 ma-

161 369 295 420 θεσιν
342 367 585 436 ποιούμενοι
639 367 803 427 wolon-79
848 372 922 427 τῆς
961 379 1117 424 teriam
1149 377 1367 426 sumentes
1411 384 1546 429 totius
1587 399 1705 449 ope-1

249 501 289 546 p)
314 500 378 534 Ms.
398 501 453 535 Ba.
471 506 589 546 μέτρῳ,
613 510 667 535 οη..
680 525 690 541 ,
720 503 778 545 qui
799 511 834 535 et
851 514 932 536 mox
950 502 1022 547 post
1042 516 1141 537 συνετ.
1160 505 1262 537 colon
1282 505 1371 544 fert,
1394 516 1431 538 v.
1449 507 1496 541 N.

154 619 287 666 p.268.
310 617 359 654 N.
380 616 404 653 i.
428 617 603 654 Schurzfl.
626 619 669 654 ad
695 617 855 667 Longin.
876 630 910 663 p.
933 626 994 663 48.
1021 619 1203 666 Harpocr.
1225 631 1260 665 p.
1285 630 1367 666 325.
1389 631 1474 656 cum
1494 620 1542 658 N.
1565 620 1690 659 vales.

156 679 180 714 p
206 678 261 710 7¹-
284 668 318 704 b.
341 681 372 705 e.
402 671 579 704 Ammon.
607 682 640 712 ρ.
663 673 719 709 76.
743 680 829 704 cum
854 669 899 705 N.
920 673 977 704 62.
1000 670 1186 705 et'shom.
1213 670 1263 706 M.
1289 679 1444 717 p.813.,
1471 670 1692 719 adquemin

159 718 207 756 N.
233 730 255 763 p
291 717 343 764 sq.
363 730 381 753 a
416 731 436 753 e
475 732 516 753 ex
541 719 668 754 euseb.
688 725 822 763 ι’ςορικοὶ
841 722 1058 765 συγγραφεῖς
1080 720 1157 766 syn.
1180 720 1317 756 nostro.
1375 735 1379 738 ·
1415 734 1417 738 ⁴
1705 743 1707 745 >

205 767 339 811 ποιητοιῆ
359 772 412 813 μ.)
438 769 578 815 Accipe
607 776 645 805 τὸ
669 776 803 811 ποιητὴς
835 772 1004 815 proprie,
1035 779 1079 805 ut
1100 770 1138 805 in
1169 768 1235 806 ino
1255 771 1364 808 Dem-
1386 768 1450 806 Ol.
1475 782 1508 808 2.
1532 783 1568 819 p.
1594 783 1627 815 7.
1647 771 1688 807 Β.

154 818 235 864 (Rs.
258 828 317 864 23,
343 819 416 865 21.)
443 817 577 860 munz-o.)
596 826 745 863 αἰσχρῶν
765 819 939 867 ᾀσμάτων.
970 818 1086 858 Leisn.

258 868 336 914 Qi
361 878 400 903 et
426 871 469 904 ad
494 882 528 904 m
563 870 632 905 Ox.
672 869 742 908 „in
773 874 915 911 ποιητὴς
943 881 1031 917 ergo
1057 868 1225 906 absolute
1256 868 1377 917 pofito
1407 868 1508 908 deest
1528 875 1688 916 μέ-ινςνιωινα

153 929 226 964 qua
246 917 292 954 de
311 918 426 965 ellipii
446 918 580 959 huius,
620 930 685 955 aut
714 917 806 955 alius
829 918 934 956 subst.
966 919 1061 956 nihii
1084 933 1142 966 ap.
1164 921 1202 956 L.
1226 919 1307 956 Bos.
1331 920 1424 965 En„
1460 929 1502 956 ut
1522 932 1566 966 ap
1602 921 1685 967 Stp.

152 968 226 1004 Th.
252 978 283 1014 3,
304 979 387 1014 434.
411 971 497 1005 A.e.
520 979 668 1006 tantum
692 981 734 1005 ex
757 971 897 1006 Athen.
918 981 1004 1005 cum
1025 969 1093 1006 illo
1115 970 1238 1006 Leisn.
1263 981 1334 1017 gen
1359 996 1369 1012 ,
1407 969 1454 1006 cf.
1476 969 1557 1006 lud.
1579 971 1690 1005 Dein.

151 1028 194 1055 et
215 1017 353 1057 Poll.6‚
371 1029 447 1065 123.
480 1029 518 1054 et
542 1033 594 1065 pr.
625 1019 694 1055 (est
729 1031 816 1056 cum
835 1024 997 1064 γελοίων,
1025 1030 1068 1055 ut
1087 1033 1144 1067 ap.
1164 1018 1253 1055 Phil.
1279 1020 1317 1056 in
1340 1020 1393 1056 Fl.
1418 1033 1455 1067 p.
1475 1031 1558 1064 751.
1582 1022 1617 1056 B.
1640 1032 1694 1056 m.

151 1072 307 1111 ποιηταῖς
327 1074 433 1113 μίμων
456 1069 510 1108 κο.)
532 1075 672 1112 ’γελοίων
692 1071 928 1111 διδασκάλοις,
959 1069 1300 1119 mimographorum,
1326 1070 1511 1118 ap.Dion.
1527 1070 1576 1105 H.
1590 1071 1624 1107 S,
1639 1069 1688 1104 T.

153 1130 189 1154 2.
226 1129 305 1161 185,
321 1133 376 1162 44.
400 1115 477 1155 οἵτε
498 1125 691 1165 ἐμμέτρων,
719 1116 797 1157 οὕτε
817 1121 930 1167 πεζῶν
951 1123 1071 1166 ποιητῇ
1093 1116 1225 1165 λόγων,
1255 1133 1294 1156 et
1320 1130 1478 1166 1·8s,4z.
1498 1123 1581 1156 ἐπῶν
1593 1134 1690 1160 ποικ-

141 1168 212 1211 Δἰνοιῆ
235 1168 289 1211 καὶ
308 1177 414 1213 μελῶν
434 1182 486 1209 A..
524 1168 568 1204 cf.
602 1183 678 1213 104,
701 1181 754 1213 27-
791 1182 873 1215 194,
895 1179 971 1214 ζα,
999 1182 1093 1217 quae
1121 1169 1289 1207 addenda
1315 1171 1360 1207 ad
1386 1171 1493 1211 lud„
1529 1179 1585 1215 ap,
1605 1167 1689 1204 Ael.

152 1219 203 1253 V.
224 1218 257 1253 h.
278 1231 363 1254 curn
382 1228 491 1263 μελῶν
510 1220 620 1255 etiam
638 1247 647 1261 ,
679 1218 718 1255 it.
739 1218 956 1265 ἑξοιμέτςων,
986 1220 1035 1256 cf.
1058 1219 1137 1256 lud.
1153 1244 1164 1261 ‚
1197 1219 1241 1255 ad
1260 1233 1420 1268 quorum
1441 1219 1584 1267 analag.
1602 1216 1690 1254 scri·

152 1268 269 1317 pserit
290 1268 443 1308 Noster,
482 1268 528 1303 cf.
554 1282 636 1305 cum
666 1282 750 1317 gen.
783 1269 854 1304 alio
877 1271 970 1305 Xen.
993 1271 1080 1319 Cyr.
1103 1272 1192 1307 Luc.
1212 1270 1377 1319 Longin.
1400 1283 1484 1307 cum
1506 1271 1546 1306 L.
1565 1269 1615 1305 Ν.
1638 1268 1688 1303 T.

151 1331 193 1355 et
212 1318 381 1354 absolute
403 1317 492 1354 Caii.
514 1318 553 1354 Π.
577 1319 661 1359 Ην..
688 1318 888 1356 [··i.Aesch.
911 1330 951 1355 er
963 1319 1033 1354 Pal.
1048 1343 1058 1360 ‚
1086 1319 1146 1355 Rs.
1170 1321 1239 1356 Or.
1265 1322 1356 1365 V.4.
1375 1330 1413 1355 et
1426 1330 1456 1359 g,
1472 1320 1555 1366 Lyc.
1569 1316 1689 1353 Diod.

151 1372 212 1410 S..
242 1368 329 1404 Plut
367 1367 431 1404 Hs.
451 1379 491 1404 et
503 1369 593 1404 Krb.
623 1369 765 1404 D’Orv.
780 1368 848 1404 Ch.
863 1381 896 1415 p.
912 1379 995 1413 289.
1016 1382 1048 1405 c.
1071 1368 1227 1417 etVig.;
1253 1368 1530 1405 reddenteSch.
1552 1368 1593 1404 in
1620 1381 1687 1410 υμ.

150 1418 406 1456 mensurarum
437 1417 458 1453 s.
482 1418 644 1466 versuum
667 1416 957 1465 commistores,
982 1423 1134 1467 poetae«
1170 1420 1272 1467 quod
1299 1430 1440 1459 unum.
1479 1429 1499 1454 e
1520 1418 1581 1455 Sb-
1604 1417 1689 1453 Ind-

152 1468 304 1506 dustum
319 1493 328 1507 ,
363 1467 531 1513 sequitur
551 1480 588 1505 et
611 1471 671 1516 b'g.
684 1494 693 1510 ‚
731 1481 814 1504 cum
838 1469 874 1503 Ι).
895 1478 971 1504 tum
989 1467 1149 1505 maxime
1162 1472 1287 1517 poeitae
1306 1467 1468 1505 vei-tibus
1482 1466 1558 1515 suis
1578 1467 1691 1503 uber-

149 1520 246 1557 rime
260 1519 348 1568 sunt
367 1518 544 1567 exsecuti,
577 1519 714 1555 referat
733 1518 934 1554 leffionem
954 1519 1026 1554 Ms.
1046 1526 1182 1565 μέτρῳ.
1218 1517 1353 1554 leviter
1372 1518 1488 1554 modo
1509 1526 1690 1553 mutatam

148 1569 192 1608 in
213 1569 305 1617 plur.
328 1581 394 1614 pro
415 1566 525 1616 fing,
554 1569 758 1616 additoque
780 1568 898 1604 libere
920 1580 1028 1615 pron.
1049 1567 1212 1614 possem,
1240 1569 1341 1604 unde
1363 1569 1519 1605 tollatur
1531 1566 1690 1615 quidem

149 1619 276 1658 Nostri
298 1618 559 1659 concinnitas,
597 1630 784 1654 caeterum
811 1628 960 1654 maneat
987 1619 1194 1658 sententia,
1231 1616 1279 1653 cf.
1301 1619 1387 1656 Luc.
1411 1631 1446 1657 2,
1466 1629 1552 1663 475.
1581 1616 1601 1653 l.
1625 1627 1687 1659 72.

149 1664 269 1708 δοτέα-ει
288 1687 326 1696 ·-
354 1665 375 1710 ἦ
400 1669 558 1710 ποιηταὶ,
603 1675 738 1715 μέτροις
767 1664 1081 1712 διακοσμήσαντες,
1126 1665 1386 1713 ἐξενηνέχασιν,
1425 1662 1444 1709 ἶ)
1475 1668 1688 1712 συγγραφεῖς

133 1715 343 1765 ’ἱςορῆκασιν
357 1744 366 1760 ,
393 1730 415 1755 λ
455 1731 675 1766 quaecunque
695 1717 754 1754 vel
774 1722 897 1765 pob'tae
917 1718 1077 1754 vertibus
1095 1727 1230 1753 ornata
1252 1718 1467 1764 protulere,
1502 1727 1566 1753 aue
1589 1727 1688 1752 retu·

148 1770 278 1806 lerunt
296 1768 480 1818 historici,
511 1781 592 1803 cun-2
617 1768 696 1804 ind.
713 1793 723 1810 ,
752 1765 909 1803 maxime
932 1781 976 1805 ex
999 1781 1032 1810 2,
1052 1779 1135 1811 902.
1158 1768 1181 1803 l.
1196 1771 1276 1809 67..
1309 1767 1400 1804 dum
1421 1767 1532 1803 novit
1556 1781 1592 1810 μ.
1613 1765 1689 1800 hoc

146 1818 255 1857 sensu
278 1820 356 1863 Stp.
379 1819 453 1853 Th.
477 1819 591 1854 modo
613 1832 657 1856 ex
680 1817 852 1859 Aristot„
893 1817 940 1853 cf.
964 1817 1079 1854 Dion.
1106 1819 1153 1853 H.
1174 1818 1197 1853 1.
1216 1817 1238 1856 Ι,
1260 1833 1296 1864 9,
1320 1823 1376 1853 16.
1397 1829 1483 1855 cum
1500 1817 1581 1853 lnd.
1597 1833 1614 1856 ,-
1643 1814 1686 1850 it.

145 1869 191 1908 ls.
213 1870 279 1905 Ev.
299 1868 363 1905 Fd.
386 1881 430 1904 ex
450 1880 482 1904 c,
500 1880 514 1915 3
547 1883 600 1910 e.,
637 1879 849 1916 quanquam
870 1878 909 1903 et
929 1868 989 1903 hic
1009 1868 1047 1903 in
1072 1868 1141 1903 Ms.
1164 1867 1336 1904 confufio
1356 1867 1426 1904 ess'e
1447 1866 1566 1915 potest
1585 1865 1688 1901 litte-

146 1932 208 1957 rae
227 1937 242 1956 ν
265 1929 304 1955 et
322 1919 400 1954 iota
419 1917 648 1965 postia-rimi,
684 1919 783 1954 unde
802 1918 900 1965 vulg.
923 1916 1154 1955 reddiderim
1184 1919 1320 1967 opifices
1344 1917 1368 1954 s.
1389 1918 1589 1954 conditores
1611 1925 1687 1950 car-

145 1970 315 2012 minum,
352 1967 513 2016 versuum
528 1995 537 2007 ,
569 1981 630 2003 aut
650 1969 744 2003 adeo
764 1978 959 2004 metrorum
973 1993 983 2010 ,
1010 1981 1046 2003 v.
1065 1968 1112 2003 G.
1135 1967 1210 2002 Th.
1232 1981 1265 2002 v.
1281 1981 1314 2005 e.
1366 1969 1407 2003 In
1427 1967 1477 2015 sq.
1497 1965 1581 2001 Sch.
1601 1978 1621 2000 e
1643 1963 1686 1999 P.

144 2017 282 2069 partim
306 2019 345 2054 in
375 2032 464 2058 »οι-λ.
488 2020 657 2054 uberius-u
688 2018 830 2054 servato
848 2018 984 2065 gradu,
1019 2017 1083 2052 ubi
1107 2016 1267 2053 vicinius
1289 2029 1367 2054 erat
1388 2016 1488 2054 Caes.
1511 2016 1544 2051 b.
1565 2015 1635 2051 civ.
1650 2026 1688 2054 ε,

149 2081 206 2114 17.
219 2083 253 2106 e.
282 2069 394 2104 latius
414 2079 454 2103 et
470 2069 732 2118 composuerunt
746 2093 757 2109 ,
785 2066 835 2103 cf.
856 2067 902 2103 G.
926 2068 1001 2103 Th.
1025 2080 1107 2104 cum
1126 2067 1209 2103 Grr.
1234 2065 1367 2102 nostris
1387 2079 1425 2103 er
1443 2067 1482 2102 in
1501 2078 1533 2101 ν.
1557 2065 1624 2101 Nr.
1640 2075 1686 2106 ς-,

144 2118 239 2156 hinc
258 2117 404 2155 ferente
426 2118 486 2154 Sb.
508 2119 587 2154 lud.
619 2119 656 2154 in
675 2130 733 2155 πλ.
764 2123 1043 2164 »συγγράφεινῑέ
1074 2117 1310 2159 memoriter,
1345 2116 1385 2152 in
1415 2127 1493 2153 tora
1521 2114 1684 2151 formula

144 2181 190 2207 ur
210 2169 252 2205 {it
272 2168 373 2204 sorte
398 2169 501 2208 Lat..
534 2180 684 2204 tacente
705 2170 785 2214 Stp.
798 2168 870 2202 Th.
895 2180 934 2202 in
947 2178 1087 2208 v.utr.,
1113 2177 1152 2202 et
1175 2167 1547 2213 nihilpraebentibus
1559 2163 1684 2204 lndd..

173 2231 256 2255 uam
279 2218 350 2255 adi.
376 2217 441 2253 isso
469 2217 582 2265 gradu
612 2216 762 2266 physice
782 2218 930 2264 Ge‹›p.,
970 2227 1009 2253 et
1038 2217 1147 2253 affine
1165 2223 1326 2256 πλατέως
1346 2216 1499 2262 ε’ίςητοοι,
1536 2213 1687 2259 tropico.

142 2231 249 2306 Pensa
265 2294 276 2311 ,
314 2268 431 2303 Dion.
458 2269 504 2304 Η.
527 2268 548 2302 Ι.
571 2270 593 2302 1.
616 2268 678 2304 sed
696 2280 727 2301 v.
744 2282 776 2303 σ.
799 2266 947 2313 tropice
970 2279 1122 2315 quoque
1145 2279 1230 2302 cum
1256 2269 1333 2303 Lat.
1356 2265 1481 2302 nostro
1501 2275 1540 2302 et
1562 2266 1619 2311 ssg.
1643 2263 1683 2298 in

143 2318 267 2360 med.‚
301 2317 423 2365 (quod
448 2317 565 2354 solum
591 2319 666 2364 Srp.
690 2317 761 2351 Th.
784 2326 892 2352 tenet
916 2327 948 2362 3,
975 2318 1142 2363 1267.e.)
1164 2328 1248 2353 cum
1269 2327 1344 2352 acc.
1367 2316 1420 2352 rei
1443 2313 1684 2362 aliquoib.et

141 2367 261 2406 Diod.
283 2370 318 2404 S.
341 2380 425 2404 cum
444 2368 562 2415 Long.
586 2367 682 2402 Mor.
700 2390 709 2406 ‚
739 2375 780 2402 ut
802 2365 883 2411 pass.
905 2367 965 2402 Rs.
988 2367 1054 2402 Or.
1080 2367 1123 2400 V.
1146 2380 1204 2411 4.,
1237 2375 1321 2402 tum
1340 2365 1405 2402 ast.
1423 2363 1531 2400 fimili
1552 2361 1692 2399 notio-²

141 2431 192 2456 ne
218 2429 258 2454 et
279 2416 444 2455 restione
466 2418 514 2454 ib.
534 2428 573 2454 et
591 2418 700 2452 Dem.
722 2428 797 2452 v.e.
818 2427 904 2452 curn
927 2416 1054 2462 Geop.
1085 2415 1134 2451 cf.
1158 2416 1196 2452 in
1218 2415 1331 2452 alium
1355 2415 1460 2452 usum
1481 2414 1537 2450 Rs.
1552 2414 1618 2449 Or.
1633 2413 1678 2448 V.

144 2477 178 2510 8.
206 2468 296 2505 Din.
325 2467 406 2504 Aei.
434 2468 479 2502 V.
503 2468 538 2502 h.
571 2465 683 2503 Diod.
703 2467 738 2501 S.
770 2466 856 2501 Luc.
885 2467 924 2502 L.
948 2466 998 2502 N.
1020 2467 1067 2501 T.
1086 2465 1216 2506 Suid„
1253 2477 1334 2501 non
1356 2465 1441 2500 coli.
1465 2464 1512 2500 ad
1535 2462 1622 2500 Hes.
1646 2475 1681 2505 2,

145 2527 253 2564 1305.
271 2531 306 2555 e.
336 2529 374 2553 et
396 2516 492 2554 med.
512 2517 560 2553 ib.
586 2527 687 2563 ¹3¹2·
709 2528 757 2551 m.
780 2515 840 2550 Rs.
862 2517 928 2551 Or.
950 2516 994 2551 V.
1015 2524 1048 2556 8.
1084 2518 1171 2563 Lyc.
1191 2517 1301 2551 Dem.
1330 2526 1417 2551 cum
1441 2515 1586 2551 D'Orv.
1606 2513 1678 2550 Ch.

141 2568 343 2605 Caeterum
364 2565 489 2605 Leisn.
513 2567 551 2603 in
572 2580 616 2602 m.
640 2568 710 2601 Ox.
741 2564 860 2604 ‚‚[.uc.
886 2577 919 2604 ι.
944 2572 1005 2601 1.“
1034 2565 1237 2612 respiciens
1262 2565 1312 2601 N.
1336 2565 1386 2601 T.

188 2614 348 2655 ὖπὸθεσιν
370 2632 423 2660 π.)-
453 2617 536 2654 Scb.
558 2616 693 2663 partim
712 2627 797 2650 cum
817 2613 859 2649 P.
882 2614 922 2649 in
950 2613 1038 2654 »ὅπη
1063 2616 1255 2651 materiam
1273 2613 1304 2651 s.
1321 2622 1571 2663 argumentum
1588 2623 1682 2660 ope-

140 2666 190 2704 ris
211 2668 429 2716 deligentes,
455 2683 520 2704 ποι,
544 2669 651 2714 delig.
673 2662 858 2701 scribendi
877 2665 1085 2704 materiam,
1115 2680 1173 2710 πρ.
1195 2662 1591 2712 operisfitraaationis
1604 2673 1681 2697 ma-

139 2716 271 2752 teriam
294 2716 432 2763 deligs‘
464 2715 566 2752 unde
585 2718 650 2765 Bg.
673 2713 813 2750 retinet
825 2716 907 2751 Lat.
930 2714 1045 2750 modo
1066 2713 1110 2750 ad
1135 2714 1240 2750 subst.
1261 2724 1358 2755 utr.,
1384 2724 1545 2761 quorum
1564 2713 1611 2748 de
1623 2722 1677 2756 pr.

135 2764 195 2805 ὅτ.
217 2778 251 2804 ν,
274 2767 354 2813 Stp.
375 2765 451 2803 Th.
482 2765 635 2803 aliunde
660 2775 694 2813 3,
718 2775 822 2809 1522.
847 2765 889 2801 F.
911 2775 960 2800 m.
989 2765 1084 2802 Bud.
1110 2764 1154 2801 C.
1176 2776 1262 2810 254,
1285 2775 1341 2811 47.
1369 2764 1484 2800 Dein.
1512 2773 1551 2799 et
1569 2761 1678 2798 Pom.
