<?xml version="1.0" encoding="UTF-8"?>
<!DOCTYPE html PUBLIC "-//W3C//DTD XHTML 1.0 Transitional//EN"
    "http://www.w3.org/TR/xhtml1/DTD/xhtml1-transitional.dtd">
<html xmlns="http://www.w3.org/1999/xhtml" xml:lang="en" lang="en">
 <head>
  <title>
</title>
<meta http-equiv="Content-Type" content="text/html;charset=utf-8" />
  <meta name='ocr-system' content='tesseract 3.04.00' />
  <meta name='ocr-capabilities' content='ocr_page ocr_carea ocr_par ocr_line ocrx_word'/>
</head>
<body>
  <div class='ocr_page' id='page_1' title='image "./historiarumlibri02hero/historiarumlibri02hero_0533.png"; bbox 0 0 1717 3082; ppageno 0'>
   <div class='ocr_carea' id='block_1_1' title="bbox 89 78 1540 135">
    <p class='ocr_par' dir='ltr' id='par_1_1' title="bbox 89 78 1540 135">
     <span class='ocr_line' id='line_1_1' title="bbox 89 78 1540 135; baseline -0.005 -7"><span class='ocrx_word' id='word_1_1' title='bbox 89 81 327 128; x_wconf 82' lang='lat' dir='ltr'>LIBERIL</span> <span class='ocrx_word' id='word_1_2' title='bbox 363 81 490 127; x_wconf 82' lang='lat' dir='ltr'><strong>CAP.</strong></span> <span class='ocrx_word' id='word_1_3' title='bbox 515 80 612 126; x_wconf 82' lang='lat' dir='ltr'>xv,</span> <span class='ocrx_word' id='word_1_4' title='bbox 646 80 772 128; x_wconf 61' lang='grc' dir='ltr'>ΑΝ.</span> <span class='ocrx_word' id='word_1_5' title='bbox 795 80 845 125; x_wconf 87' lang='lat' dir='ltr'>c.</span> <span class='ocrx_word' id='word_1_6' title='bbox 873 78 995 135; x_wconf 86' lang='lat'><strong>946.</strong></span> <span class='ocrx_word' id='word_1_7' title='bbox 1029 79 1246 126; x_wconf 69' lang='lat' dir='ltr'><strong>CHRN.</strong></span> <span class='ocrx_word' id='word_1_8' title='bbox 1277 90 1392 135; x_wconf 83' lang='lat'><em>193.</em></span> <span class='ocrx_word' id='word_1_9' title='bbox 1437 91 1540 135; x_wconf 74' lang='lat'>473</span> 
     </span>
    </p>
   </div>
   <div class='ocr_carea' id='block_1_2' title="bbox 34 187 1550 643">
    <p class='ocr_par' dir='ltr' id='par_1_2' title="bbox 34 187 1547 264">
     <span class='ocr_line' id='line_1_2' title="bbox 34 187 1547 264; baseline 0 -19"><span class='ocrx_word' id='word_1_10' title='bbox 34 193 130 245; x_wconf 74' lang='grc' dir='ltr'>ἐπεὶ</span> <span class='ocrx_word' id='word_1_11' title='bbox 152 187 201 244; x_wconf 64' lang='grc' dir='ltr'>δὲ</span> <span class='ocrx_word' id='word_1_12' title='bbox 223 195 346 259; x_wconf 78' lang='grc' dir='ltr'>αὐτῷ</span> <span class='ocrx_word' id='word_1_13' title='bbox 370 193 434 244; x_wconf 72' lang='grc' dir='ltr'>τοὶ</span> <span class='ocrx_word' id='word_1_14' title='bbox 455 191 562 263; x_wconf 56' lang='lat' dir='ltr'>‘necle</span> <span class='ocrx_word' id='word_1_15' title='bbox 584 193 656 243; x_wconf 68' lang='grc' dir='ltr'>τὸν</span> <span class='ocrx_word' id='word_1_16' title='bbox 680 195 784 245; x_wconf 80' lang='grc' dir='ltr'>Ἀλ-</span> <span class='ocrx_word' id='word_1_17' title='bbox 830 214 848 243; x_wconf 92' lang='lat'>1</span> <span class='ocrx_word' id='word_1_18' title='bbox 864 215 909 246; x_wconf 90' lang='lat'>0.</span> <span class='ocrx_word' id='word_1_19' title='bbox 934 202 1048 245; x_wconf 86' lang='lat' dir='ltr'>Cum</span> <span class='ocrx_word' id='word_1_20' title='bbox 1072 210 1216 245; x_wconf 82' lang='lat' dir='ltr'>autem</span> <span class='ocrx_word' id='word_1_21' title='bbox 1250 215 1320 244; x_wconf 85' lang='lat' dir='ltr'>res</span> <span class='ocrx_word' id='word_1_22' title='bbox 1342 197 1420 264; x_wconf 76' lang='lat' dir='ltr'>ipsi</span> <span class='ocrx_word' id='word_1_23' title='bbox 1445 214 1547 245; x_wconf 86' lang='lat' dir='ltr'>cum</span> 
     </span>
    </p>

    <p class='ocr_par' dir='ltr' id='par_1_3' title="bbox 34 266 1550 643">
     <span class='ocr_line' id='line_1_3' title="bbox 71 266 1549 335; baseline 0.001 -17"><span class='ocrx_word' id='word_1_24' title='bbox 71 276 153 319; x_wconf 80' lang='grc' dir='ltr'><em>ἷνον</em></span> <span class='ocrx_word' id='word_1_25' title='bbox 199 266 277 320; x_wconf 63' lang='grc' dir='ltr'>διαὶ</span> <span class='ocrx_word' id='word_1_26' title='bbox 336 274 505 335; x_wconf 76' lang='grc' dir='ltr'><em>σοφίας</em></span> <span class='ocrx_word' id='word_1_27' title='bbox 551 271 785 335; x_wconf 63' lang='grc' dir='ltr'><em>ἀσφαλῶς</em></span> <span class='ocrx_word' id='word_1_28' title='bbox 822 275 1171 324; x_wconf 86' lang='lat' dir='ltr'>Albinosolerter</span> <span class='ocrx_word' id='word_1_29' title='bbox 1193 276 1237 320; x_wconf 90' lang='lat' dir='ltr'>in</span> <span class='ocrx_word' id='word_1_30' title='bbox 1252 287 1349 321; x_wconf 85' lang='lat' dir='ltr'>tuto</span> <span class='ocrx_word' id='word_1_31' title='bbox 1363 275 1549 321; x_wconf 84' lang='lat' dir='ltr'>colloca-</span> 
     </span>
     <span class='ocr_line' id='line_1_4' title="bbox 35 341 1550 414; baseline -0.003 -13"><span class='ocrx_word' id='word_1_32' title='bbox 35 349 171 408; x_wconf 73' lang='grc' dir='ltr'><em>εἶχεν,</em></span> <span class='ocrx_word' id='word_1_33' title='bbox 222 341 321 396; x_wconf 59' lang='grc' dir='ltr'>οὐδὲ</span> <span class='ocrx_word' id='word_1_34' title='bbox 356 368 398 395; x_wconf 75' lang='grc' dir='ltr'>τι</span> <span class='ocrx_word' id='word_1_35' title='bbox 437 342 534 401; x_wconf 57' lang='grc' dir='ltr'><em>δέος</em></span> <span class='ocrx_word' id='word_1_36' title='bbox 571 345 614 402; x_wconf 80' lang='grc' dir='ltr'>ἦν</span> <span class='ocrx_word' id='word_1_37' title='bbox 648 343 742 396; x_wconf 63' lang='grc' dir='ltr'>ἀπὸ</span> <span class='ocrx_word' id='word_1_38' title='bbox 764 358 786 392; x_wconf 84' lang='lat' dir='ltr'>g</span> <span class='ocrx_word' id='word_1_39' title='bbox 825 347 991 405; x_wconf 78' lang='lat' dir='ltr'>taeffet‚</span> <span class='ocrx_word' id='word_1_40' title='bbox 1014 368 1157 414; x_wconf 87' lang='lat' dir='ltr'>neque</span> <span class='ocrx_word' id='word_1_41' title='bbox 1171 351 1287 396; x_wconf 87' lang='lat' dir='ltr'>ullus</span> <span class='ocrx_word' id='word_1_42' title='bbox 1303 363 1445 397; x_wconf 82' lang='lat' dir='ltr'>metus</span> <span class='ocrx_word' id='word_1_43' title='bbox 1468 354 1550 397; x_wconf 87' lang='lat' dir='ltr'>im·</span> 
     </span>
     <span class='ocr_line' id='line_1_5' title="bbox 34 418 1547 493; baseline -0.001 -21"><span class='ocrx_word' id='word_1_44' title='bbox 34 424 320 491; x_wconf 69' lang='grc' dir='ltr'><em>Βςεττανίας,</em></span> <span class='ocrx_word' id='word_1_45' title='bbox 367 421 417 471; x_wconf 68' lang='grc' dir='ltr'>τό</span> <span class='ocrx_word' id='word_1_46' title='bbox 441 442 489 471; x_wconf 83' lang='grc' dir='ltr'>τε</span> <span class='ocrx_word' id='word_1_47' title='bbox 508 418 745 492; x_wconf 70' lang='grc' dir='ltr'>Ἰλλυξικὸν</span> <span class='ocrx_word' id='word_1_48' title='bbox 769 422 788 456; x_wconf 73' lang='lat'>¹¹</span> <span class='ocrx_word' id='word_1_49' title='bbox 826 427 1040 493; x_wconf 78' lang='lat' dir='ltr'><strong>penderet</strong></span> <span class='ocrx_word' id='word_1_50' title='bbox 1061 444 1112 473; x_wconf 82' lang='lat' dir='ltr'>ex</span> <span class='ocrx_word' id='word_1_51' title='bbox 1133 429 1369 483; x_wconf 80' lang='lat' dir='ltr'>Britannia,</span> <span class='ocrx_word' id='word_1_52' title='bbox 1392 439 1433 472; x_wconf 88' lang='lat' dir='ltr'>et</span> <span class='ocrx_word' id='word_1_53' title='bbox 1449 422 1547 489; x_wconf 86' lang='lat' dir='ltr'>[lly-</span> 
     </span>
     <span class='ocr_line' id='line_1_6' title="bbox 37 495 1550 565; baseline -0.002 -15"><span class='ocrx_word' id='word_1_54' title='bbox 37 497 277 565; x_wconf 70' lang='grc' dir='ltr'><em>ςξσὶτευμαι</em></span> <span class='ocrx_word' id='word_1_55' title='bbox 321 495 401 546; x_wconf 65' lang='grc' dir='ltr'>σὸν</span> <span class='ocrx_word' id='word_1_56' title='bbox 456 499 578 564; x_wconf 73' lang='grc' dir='ltr'>αὐτῷ</span> <span class='ocrx_word' id='word_1_57' title='bbox 626 501 635 532; x_wconf 78' lang='lat' dir='ltr'>i</span> <span class='ocrx_word' id='word_1_58' title='bbox 690 500 786 547; x_wconf 66' lang='grc' dir='ltr'>πᾶν</span> <span class='ocrx_word' id='word_1_59' title='bbox 825 505 1038 550; x_wconf 80' lang='lat' dir='ltr'>ticianum</span> <span class='ocrx_word' id='word_1_60' title='bbox 1099 505 1335 548; x_wconf 83' lang='lat' dir='ltr'>exercitum</span> <span class='ocrx_word' id='word_1_61' title='bbox 1405 504 1550 548; x_wconf 87' lang='lat' dir='ltr'>secum</span> 
     </span>
     <span class='ocr_line' id='line_1_7' title="bbox 35 567 1550 643; baseline 0.001 -20"><span class='ocrx_word' id='word_1_62' title='bbox 35 575 128 633; x_wconf 78' lang='grc' dir='ltr'>εἶχε</span> <span class='ocrx_word' id='word_1_63' title='bbox 163 575 209 634; x_wconf 69' lang='lat' dir='ltr'>k,</span> <span class='ocrx_word' id='word_1_64' title='bbox 275 567 538 637; x_wconf 57' lang='grc' dir='ltr'>διοικεῖσθοᾳ</span> <span class='ocrx_word' id='word_1_65' title='bbox 607 571 787 643; x_wconf 67' lang='grc' dir='ltr'><em>νομίζων</em></span> <span class='ocrx_word' id='word_1_66' title='bbox 829 595 1007 626; x_wconf 86' lang='lat' dir='ltr'>omnem</span> <span class='ocrx_word' id='word_1_67' title='bbox 1031 579 1224 634; x_wconf 84' lang='lat' dir='ltr'>haberet,</span> <span class='ocrx_word' id='word_1_68' title='bbox 1258 577 1550 625; x_wconf 81' lang='lat' dir='ltr'>administrari</span> 
     </span>
    </p>
   </div>
   <div class='ocr_carea' id='block_1_3' title="bbox 17 701 1560 929">
    <p class='ocr_par' dir='ltr' id='par_1_4' title="bbox 17 701 1560 929">
     <span class='ocr_line' id='line_1_8' title="bbox 123 701 1551 747; baseline 0.002 -14"><span class='ocrx_word' id='word_1_69' title='bbox 123 701 158 745; x_wconf 80' lang='lat' dir='ltr'>g)</span> <span class='ocrx_word' id='word_1_70' title='bbox 184 703 239 734; x_wconf 71' lang='grc' dir='ltr'>ύπδ</span> <span class='ocrx_word' id='word_1_71' title='bbox 257 703 323 735; x_wconf 79' lang='lat' dir='ltr'>Ox.</span> <span class='ocrx_word' id='word_1_72' title='bbox 343 714 418 735; x_wconf 89' lang='lat' dir='ltr'>cum</span> <span class='ocrx_word' id='word_1_73' title='bbox 435 704 504 735; x_wconf 85' lang='lat' dir='ltr'>Par.</span> <span class='ocrx_word' id='word_1_74' title='bbox 517 713 549 736; x_wconf 88' lang='lat'>2.</span> <span class='ocrx_word' id='word_1_75' title='bbox 572 703 744 736; x_wconf 82' lang='lat' dir='ltr'>mendose.</span> <span class='ocrx_word' id='word_1_76' title='bbox 814 703 846 741; x_wconf 87' lang='lat' dir='ltr'>h)</span> <span class='ocrx_word' id='word_1_77' title='bbox 873 705 932 737; x_wconf 80' lang='lat' dir='ltr'>Ms.</span> <span class='ocrx_word' id='word_1_78' title='bbox 947 702 999 734; x_wconf 61' lang='lat' dir='ltr'>vi.</span> <span class='ocrx_word' id='word_1_79' title='bbox 1017 703 1163 747; x_wconf 66' lang='grc' dir='ltr'>ἰλλυριδν</span> <span class='ocrx_word' id='word_1_80' title='bbox 1182 713 1250 744; x_wconf 46' lang='lat' dir='ltr'>ep,</span> <span class='ocrx_word' id='word_1_81' title='bbox 1274 702 1351 734; x_wconf 66' lang='lat' dir='ltr'>wN</span> <span class='ocrx_word' id='word_1_82' title='bbox 1419 703 1447 746; x_wconf 84' lang='lat' dir='ltr'>i)</span> <span class='ocrx_word' id='word_1_83' title='bbox 1467 702 1551 736; x_wconf 85' lang='lat' dir='ltr'><strong>Mss.</strong></span> 
     </span>
     <span class='ocr_line' id='line_1_9' title="bbox 32 745 1549 790; baseline 0.001 -12"><span class='ocrx_word' id='word_1_84' title='bbox 32 745 87 778; x_wconf 86' lang='lat' dir='ltr'>Ba.</span> <span class='ocrx_word' id='word_1_85' title='bbox 108 756 143 778; x_wconf 86' lang='lat' dir='ltr'>et</span> <span class='ocrx_word' id='word_1_86' title='bbox 161 747 214 778; x_wconf 89' lang='lat' dir='ltr'>Vi.</span> <span class='ocrx_word' id='word_1_87' title='bbox 236 751 315 789; x_wconf 67' lang='grc' dir='ltr'>αὐτῷ</span> <span class='ocrx_word' id='word_1_88' title='bbox 335 760 393 790; x_wconf 85' lang='lat' dir='ltr'>per</span> <span class='ocrx_word' id='word_1_89' title='bbox 415 749 524 780; x_wconf 88' lang='lat' dir='ltr'>lenem</span> <span class='ocrx_word' id='word_1_90' title='bbox 545 760 619 781; x_wconf 87' lang='lat' dir='ltr'>cum</span> <span class='ocrx_word' id='word_1_91' title='bbox 639 751 716 781; x_wconf 90' lang='lat' dir='ltr'>edd.</span> <span class='ocrx_word' id='word_1_92' title='bbox 734 750 912 785; x_wconf 84' lang='lat' dir='ltr'>omnibus,</span> <span class='ocrx_word' id='word_1_93' title='bbox 939 758 1071 789; x_wconf 82' lang='lat' dir='ltr'>praeter</span> <span class='ocrx_word' id='word_1_94' title='bbox 1084 756 1152 789; x_wconf 56' lang='grc' dir='ltr'>πρ.</span> <span class='ocrx_word' id='word_1_95' title='bbox 1167 746 1223 779; x_wconf 89' lang='lat' dir='ltr'>Sb.</span> <span class='ocrx_word' id='word_1_96' title='bbox 1238 750 1293 778; x_wconf 77' lang='lat' dir='ltr'>Lu.</span> <span class='ocrx_word' id='word_1_97' title='bbox 1307 757 1341 779; x_wconf 82' lang='lat' dir='ltr'>et</span> <span class='ocrx_word' id='word_1_98' title='bbox 1352 748 1431 785; x_wconf 79' lang='lat' dir='ltr'>Ed„</span> <span class='ocrx_word' id='word_1_99' title='bbox 1456 749 1549 781; x_wconf 87' lang='lat' dir='ltr'><strong>v.N.</strong></span> 
     </span>
     <span class='ocr_line' id='line_1_10' title="bbox 32 790 1550 835; baseline 0.002 -14"><span class='ocrx_word' id='word_1_100' title='bbox 32 790 74 835; x_wconf 78' lang='lat' dir='ltr'>k)</span> <span class='ocrx_word' id='word_1_101' title='bbox 103 793 165 823; x_wconf 78' lang='lat' dir='ltr'>Hic</span> <span class='ocrx_word' id='word_1_102' title='bbox 182 793 269 824; x_wconf 80' lang='lat' dir='ltr'>nihil</span> <span class='ocrx_word' id='word_1_103' title='bbox 291 794 323 825; x_wconf 89' lang='lat' dir='ltr'>in</span> <span class='ocrx_word' id='word_1_104' title='bbox 341 795 388 826; x_wconf 68' lang='lat' dir='ltr'>B.&#39;</span> <span class='ocrx_word' id='word_1_105' title='bbox 402 805 431 826; x_wconf 82' lang='lat'>2.</span> <span class='ocrx_word' id='word_1_106' title='bbox 449 805 523 825; x_wconf 87' lang='lat' dir='ltr'>curn</span> <span class='ocrx_word' id='word_1_107' title='bbox 544 796 614 827; x_wconf 75' lang='lat' dir='ltr'>Par.</span> <span class='ocrx_word' id='word_1_108' title='bbox 631 805 719 832; x_wconf 83' lang='lat' dir='ltr'>utr.,</span> <span class='ocrx_word' id='word_1_109' title='bbox 752 795 908 835; x_wconf 65' lang='lat' dir='ltr'>punftum</span> <span class='ocrx_word' id='word_1_110' title='bbox 931 795 963 824; x_wconf 90' lang='lat' dir='ltr'>in</span> <span class='ocrx_word' id='word_1_111' title='bbox 983 797 1052 834; x_wconf 65' lang='grc' dir='ltr'>δερ.</span> <span class='ocrx_word' id='word_1_112' title='bbox 1073 794 1143 832; x_wconf 83' lang='lat' dir='ltr'>Ing.</span> <span class='ocrx_word' id='word_1_113' title='bbox 1167 803 1195 825; x_wconf 88' lang='lat'>1.</span> <span class='ocrx_word' id='word_1_114' title='bbox 1215 803 1248 824; x_wconf 90' lang='lat' dir='ltr'>et</span> <span class='ocrx_word' id='word_1_115' title='bbox 1269 794 1326 824; x_wconf 64' lang='lat' dir='ltr'>Lu,</span> <span class='ocrx_word' id='word_1_116' title='bbox 1340 816 1350 830; x_wconf 90' lang='lat'><strong>,</strong></span> <span class='ocrx_word' id='word_1_117' title='bbox 1381 793 1470 824; x_wconf 80' lang='lat' dir='ltr'>forte</span> <span class='ocrx_word' id='word_1_118' title='bbox 1490 793 1550 824; x_wconf 85' lang='lat' dir='ltr'>de-</span> 
     </span>
     <span class='ocr_line' id='line_1_11' title="bbox 30 836 1560 880; baseline 0.003 -14"><span class='ocrx_word' id='word_1_119' title='bbox 30 846 206 877; x_wconf 84' lang='lat' dir='ltr'>pravatum</span> <span class='ocrx_word' id='word_1_120' title='bbox 225 849 244 869; x_wconf 85' lang='lat' dir='ltr'>e</span> <span class='ocrx_word' id='word_1_121' title='bbox 264 840 317 870; x_wconf 81' lang='lat' dir='ltr'>Sb.</span> <span class='ocrx_word' id='word_1_122' title='bbox 337 839 437 876; x_wconf 90' lang='lat' dir='ltr'>colo,</span> <span class='ocrx_word' id='word_1_123' title='bbox 468 850 529 880; x_wconf 87' lang='lat' dir='ltr'>pro</span> <span class='ocrx_word' id='word_1_124' title='bbox 551 843 613 871; x_wconf 84' lang='lat' dir='ltr'>rel.</span> <span class='ocrx_word' id='word_1_125' title='bbox 633 850 812 876; x_wconf 80' lang='lat' dir='ltr'>commate,</span> <span class='ocrx_word' id='word_1_126' title='bbox 834 840 924 879; x_wconf 87' lang='lat' dir='ltr'>quod</span> <span class='ocrx_word' id='word_1_127' title='bbox 948 838 979 869; x_wconf 88' lang='lat' dir='ltr'>in</span> <span class='ocrx_word' id='word_1_128' title='bbox 1000 838 1066 869; x_wconf 74' lang='lat' dir='ltr'>fine</span> <span class='ocrx_word' id='word_1_129' title='bbox 1083 836 1222 880; x_wconf 82' lang='lat' dir='ltr'>pt&#39;otafis</span> <span class='ocrx_word' id='word_1_130' title='bbox 1236 839 1388 880; x_wconf 81' lang='lat' dir='ltr'>periodi,</span> <span class='ocrx_word' id='word_1_131' title='bbox 1413 848 1472 880; x_wconf 86' lang='lat' dir='ltr'>per</span> <span class='ocrx_word' id='word_1_132' title='bbox 1482 839 1560 871; x_wconf 65' lang='lat' dir='ltr'>enat·</span> 
     </span>
     <span class='ocr_line' id='line_1_12' title="bbox 17 883 990 929; baseline 0.003 -18"><span class='ocrx_word' id='word_1_133' title='bbox 17 890 195 929; x_wconf 56' lang='lat' dir='ltr'>-coeptae,</span> <span class='ocrx_word' id='word_1_134' title='bbox 219 883 439 915; x_wconf 77' lang='lat' dir='ltr'>toleravimus</span> <span class='ocrx_word' id='word_1_135' title='bbox 459 884 566 916; x_wconf 79' lang='lat' dir='ltr'>adhuc</span> <span class='ocrx_word' id='word_1_136' title='bbox 586 896 647 927; x_wconf 78' lang='lat' dir='ltr'>pro</span> <span class='ocrx_word' id='word_1_137' title='bbox 665 886 778 917; x_wconf 84' lang='lat' dir='ltr'>futuro</span> <span class='ocrx_word' id='word_1_138' title='bbox 800 885 880 916; x_wconf 89' lang='lat' dir='ltr'>olim</span> <span class='ocrx_word' id='word_1_139' title='bbox 900 884 990 915; x_wconf 88' lang='lat' dir='ltr'>colo.</span> 
     </span>
    </p>
   </div>
   <div class='ocr_carea' id='block_1_4' title="bbox 0 981 1556 2758">
    <p class='ocr_par' dir='ltr' id='par_1_5' title="bbox 29 981 1554 1275">
     <span class='ocr_line' id='line_1_13' title="bbox 31 981 1550 1032; baseline 0.001 -15"><span class='ocrx_word' id='word_1_140' title='bbox 31 991 114 1022; x_wconf 83' lang='lat' dir='ltr'>tum</span> <span class='ocrx_word' id='word_1_141' title='bbox 137 981 228 1020; x_wconf 88' lang='lat' dir='ltr'>item</span> <span class='ocrx_word' id='word_1_142' title='bbox 249 985 329 1032; x_wconf 87' lang='lat' dir='ltr'>Stp.</span> <span class='ocrx_word' id='word_1_143' title='bbox 349 984 421 1020; x_wconf 86' lang='lat' dir='ltr'>Th.</span> <span class='ocrx_word' id='word_1_144' title='bbox 444 998 527 1021; x_wconf 88' lang='lat' dir='ltr'>cum</span> <span class='ocrx_word' id='word_1_145' title='bbox 547 985 707 1022; x_wconf 86' lang='lat' dir='ltr'>formula</span> <span class='ocrx_word' id='word_1_146' title='bbox 729 985 786 1020; x_wconf 82' lang='lat' dir='ltr'>illa</span> <span class='ocrx_word' id='word_1_147' title='bbox 807 987 853 1022; x_wconf 91' lang='lat' dir='ltr'>N.</span> <span class='ocrx_word' id='word_1_148' title='bbox 867 986 913 1020; x_wconf 94' lang='lat' dir='ltr'>T.</span> <span class='ocrx_word' id='word_1_149' title='bbox 933 985 1037 1021; x_wconf 88' lang='lat' dir='ltr'>Rom.</span> <span class='ocrx_word' id='word_1_150' title='bbox 1058 997 1113 1027; x_wconf 86' lang='lat'>12,</span> <span class='ocrx_word' id='word_1_151' title='bbox 1138 995 1167 1031; x_wconf 88' lang='lat'>3.</span> <span class='ocrx_word' id='word_1_152' title='bbox 1189 988 1242 1021; x_wconf 66' lang='lat' dir='ltr'>Sibe</span> <span class='ocrx_word' id='word_1_153' title='bbox 1259 992 1319 1026; x_wconf 68' lang='grc' dir='ltr'>τῆς</span> <span class='ocrx_word' id='word_1_154' title='bbox 1332 988 1475 1030; x_wconf 68' lang='grc' dir='ltr'>χάριτος</span> <span class='ocrx_word' id='word_1_155' title='bbox 1486 991 1550 1027; x_wconf 69' lang='grc' dir='ltr'>τῆς</span> 
     </span>
     <span class='ocr_line' id='line_1_14' title="bbox 32 1033 1549 1081; baseline 0.001 -13"><span class='ocrx_word' id='word_1_156' title='bbox 32 1034 189 1074; x_wconf 69' lang='grc' dir='ltr'>δοθείσης</span> <span class='ocrx_word' id='word_1_157' title='bbox 208 1039 278 1077; x_wconf 77' lang='grc' dir='ltr'>ἐμοὶ</span> <span class='ocrx_word' id='word_1_158' title='bbox 292 1059 302 1074; x_wconf 85' lang='grc'><strong><em>,</em></strong></span> <span class='ocrx_word' id='word_1_159' title='bbox 331 1046 406 1080; x_wconf 89' lang='lat' dir='ltr'>quo</span> <span class='ocrx_word' id='word_1_160' title='bbox 427 1035 508 1070; x_wconf 84' lang='lat' dir='ltr'>loco</span> <span class='ocrx_word' id='word_1_161' title='bbox 528 1036 634 1081; x_wconf 82' lang='lat' dir='ltr'>capio</span> <span class='ocrx_word' id='word_1_162' title='bbox 655 1047 738 1071; x_wconf 88' lang='lat' dir='ltr'>cum</span> <span class='ocrx_word' id='word_1_163' title='bbox 751 1037 838 1072; x_wconf 77' lang='lat' dir='ltr'>Lex.</span> <span class='ocrx_word' id='word_1_164' title='bbox 858 1036 944 1072; x_wconf 85' lang='lat' dir='ltr'>Krb.</span> <span class='ocrx_word' id='word_1_165' title='bbox 964 1051 1002 1079; x_wconf 74' lang='lat' dir='ltr'>x·</span> <span class='ocrx_word' id='word_1_166' title='bbox 1024 1047 1091 1081; x_wconf 83' lang='lat' dir='ltr'>pro</span> <span class='ocrx_word' id='word_1_167' title='bbox 1114 1033 1298 1070; x_wconf 85' lang='lat' dir='ltr'>beneficio</span> <span class='ocrx_word' id='word_1_168' title='bbox 1313 1058 1323 1074; x_wconf 84' lang='lat'><em>,</em></span> <span class='ocrx_word' id='word_1_169' title='bbox 1351 1042 1437 1081; x_wconf 84' lang='lat' dir='ltr'>(qua</span> <span class='ocrx_word' id='word_1_170' title='bbox 1451 1033 1496 1068; x_wconf 81' lang='lat' dir='ltr'>dc</span> <span class='ocrx_word' id='word_1_171' title='bbox 1511 1033 1549 1069; x_wconf 87' lang='lat' dir='ltr'>vi</span> 
     </span>
     <span class='ocr_line' id='line_1_15' title="bbox 30 1081 1554 1131; baseline 0.001 -15"><span class='ocrx_word' id='word_1_172' title='bbox 30 1081 80 1117; x_wconf 88' lang='lat' dir='ltr'>cf.</span> <span class='ocrx_word' id='word_1_173' title='bbox 101 1081 220 1126; x_wconf 87' lang='lat' dir='ltr'>alibi,)</span> <span class='ocrx_word' id='word_1_174' title='bbox 241 1082 301 1118; x_wconf 85' lang='lat' dir='ltr'>sed</span> <span class='ocrx_word' id='word_1_175' title='bbox 322 1083 383 1118; x_wconf 83' lang='lat' dir='ltr'>hic</span> <span class='ocrx_word' id='word_1_176' title='bbox 405 1083 528 1131; x_wconf 83' lang='lat' dir='ltr'>potins</span> <span class='ocrx_word' id='word_1_177' title='bbox 553 1085 598 1120; x_wconf 83' lang='lat' dir='ltr'>de</span> <span class='ocrx_word' id='word_1_178' title='bbox 620 1085 766 1120; x_wconf 81' lang='lat' dir='ltr'>honore</span> <span class='ocrx_word' id='word_1_179' title='bbox 784 1097 825 1120; x_wconf 86' lang='lat' dir='ltr'>ac</span> <span class='ocrx_word' id='word_1_180' title='bbox 844 1083 1026 1131; x_wconf 82' lang='lat' dir='ltr'>dignitate</span> <span class='ocrx_word' id='word_1_181' title='bbox 1047 1083 1222 1123; x_wconf 77' lang='lat' dir='ltr'>Caesaris,</span> <span class='ocrx_word' id='word_1_182' title='bbox 1251 1083 1415 1119; x_wconf 68' lang='lat' dir='ltr'>concessa</span> <span class='ocrx_word' id='word_1_183' title='bbox 1439 1095 1483 1118; x_wconf 90' lang='lat' dir='ltr'>ex</span> <span class='ocrx_word' id='word_1_184' title='bbox 1496 1082 1554 1118; x_wconf 86' lang='lat' dir='ltr'>fa·</span> 
     </span>
     <span class='ocr_line' id='line_1_16' title="bbox 29 1132 1552 1180; baseline 0.001 -14"><span class='ocrx_word' id='word_1_185' title='bbox 29 1141 144 1172; x_wconf 83' lang='lat' dir='ltr'>vore,</span> <span class='ocrx_word' id='word_1_186' title='bbox 175 1143 387 1180; x_wconf 86' lang='lat' dir='ltr'>quanquam</span> <span class='ocrx_word' id='word_1_187' title='bbox 415 1132 582 1169; x_wconf 82' lang='lat' dir='ltr'>simulato</span> <span class='ocrx_word' id='word_1_188' title='bbox 611 1143 777 1175; x_wconf 82' lang='lat' dir='ltr'>tanturn,</span> <span class='ocrx_word' id='word_1_189' title='bbox 813 1132 859 1168; x_wconf 87' lang='lat' dir='ltr'>cf.</span> <span class='ocrx_word' id='word_1_190' title='bbox 883 1147 914 1174; x_wconf 82' lang='lat'>2,</span> <span class='ocrx_word' id='word_1_191' title='bbox 939 1144 995 1178; x_wconf 79' lang='lat'>13,</span> <span class='ocrx_word' id='word_1_192' title='bbox 1018 1145 1063 1168; x_wconf 83' lang='lat'>20</span> <span class='ocrx_word' id='word_1_193' title='bbox 1098 1143 1136 1168; x_wconf 88' lang='lat' dir='ltr'>et</span> <span class='ocrx_word' id='word_1_194' title='bbox 1157 1132 1197 1168; x_wconf 90' lang='lat' dir='ltr'>in</span> <span class='ocrx_word' id='word_1_195' title='bbox 1220 1144 1252 1166; x_wconf 89' lang='lat' dir='ltr'>v.</span> <span class='ocrx_word' id='word_1_196' title='bbox 1277 1136 1360 1170; x_wconf 69' lang='grc' dir='ltr'><strong><em>ἐπις.</em></strong></span> <span class='ocrx_word' id='word_1_197' title='bbox 1390 1144 1420 1173; x_wconf 90' lang='lat'>1,</span> <span class='ocrx_word' id='word_1_198' title='bbox 1447 1145 1480 1168; x_wconf 48' lang='grc' dir='ltr'>πῖ</span> <span class='ocrx_word' id='word_1_199' title='bbox 1503 1134 1552 1174; x_wconf 88' lang='grc'>6.,</span> 
     </span>
     <span class='ocr_line' id='line_1_17' title="bbox 30 1180 1553 1232; baseline 0.001 -17"><span class='ocrx_word' id='word_1_200' title='bbox 30 1192 145 1227; x_wconf 88' lang='lat' dir='ltr'>quem</span> <span class='ocrx_word' id='word_1_201' title='bbox 165 1181 288 1217; x_wconf 88' lang='lat' dir='ltr'>locum</span> <span class='ocrx_word' id='word_1_202' title='bbox 307 1181 432 1218; x_wconf 84' lang='lat' dir='ltr'>Leisn.</span> <span class='ocrx_word' id='word_1_203' title='bbox 451 1182 609 1230; x_wconf 83' lang='lat' dir='ltr'>respexit</span> <span class='ocrx_word' id='word_1_204' title='bbox 629 1183 670 1219; x_wconf 86' lang='lat' dir='ltr'>in</span> <span class='ocrx_word' id='word_1_205' title='bbox 689 1196 736 1218; x_wconf 84' lang='lat'>111.</span> <span class='ocrx_word' id='word_1_206' title='bbox 758 1185 852 1224; x_wconf 53' lang='lat' dir='ltr'>Ox„</span> <span class='ocrx_word' id='word_1_207' title='bbox 885 1182 947 1219; x_wconf 87' lang='lat' dir='ltr'>ubi</span> <span class='ocrx_word' id='word_1_208' title='bbox 962 1185 1021 1232; x_wconf 78' lang='lat' dir='ltr'>ssg.</span> <span class='ocrx_word' id='word_1_209' title='bbox 1036 1183 1114 1218; x_wconf 89' lang='lat' dir='ltr'>Lat.</span> <span class='ocrx_word' id='word_1_210' title='bbox 1134 1192 1243 1219; x_wconf 90' lang='lat' dir='ltr'>tenet</span> <span class='ocrx_word' id='word_1_211' title='bbox 1253 1182 1331 1229; x_wconf 82' lang='lat' dir='ltr'>Stp.</span> <span class='ocrx_word' id='word_1_212' title='bbox 1347 1181 1418 1220; x_wconf 87' lang='lat' dir='ltr'>Th.</span> <span class='ocrx_word' id='word_1_213' title='bbox 1432 1180 1553 1217; x_wconf 85' lang='lat' dir='ltr'>aliun-</span> 
     </span>
     <span class='ocr_line' id='line_1_18' title="bbox 31 1229 356 1275; baseline 0.003 -10"><span class='ocrx_word' id='word_1_214' title='bbox 31 1229 80 1265; x_wconf 82' lang='lat' dir='ltr'>de</span> <span class='ocrx_word' id='word_1_215' title='bbox 104 1240 136 1275; x_wconf 81' lang='lat'>3,</span> <span class='ocrx_word' id='word_1_216' title='bbox 159 1234 238 1273; x_wconf 79' lang='lat'>146.</span> <span class='ocrx_word' id='word_1_217' title='bbox 264 1232 310 1269; x_wconf 64' lang='lat' dir='ltr'>D..</span> <span class='ocrx_word' id='word_1_218' title='bbox 330 1231 356 1267; x_wconf 80' lang='lat' dir='ltr'>i.</span> 
     </span>
    </p>

    <p class='ocr_par' dir='ltr' id='par_1_6' title="bbox 0 1278 1555 2004">
     <span class='ocr_line' id='line_1_19' title="bbox 80 1278 1552 1328; baseline 0 -12"><span class='ocrx_word' id='word_1_219' title='bbox 80 1283 151 1316; x_wconf 71' lang='grc' dir='ltr'>ἐπεὶ</span> <span class='ocrx_word' id='word_1_220' title='bbox 173 1282 221 1327; x_wconf 83' lang='grc' dir='ltr'>δ)</span> <span class='ocrx_word' id='word_1_221' title='bbox 252 1281 336 1316; x_wconf 86' lang='lat' dir='ltr'>Sch.</span> <span class='ocrx_word' id='word_1_222' title='bbox 362 1279 401 1317; x_wconf 89' lang='lat' dir='ltr'>in</span> <span class='ocrx_word' id='word_1_223' title='bbox 427 1285 541 1327; x_wconf 76' lang='grc' dir='ltr'><strong><em>»ἒισφ.</em></strong></span> <span class='ocrx_word' id='word_1_224' title='bbox 563 1280 603 1317; x_wconf 90' lang='lat' dir='ltr'>in</span> <span class='ocrx_word' id='word_1_225' title='bbox 623 1291 720 1323; x_wconf 71' lang='lat' dir='ltr'>tuto,</span> <span class='ocrx_word' id='word_1_226' title='bbox 749 1281 847 1317; x_wconf 86' lang='lat' dir='ltr'>salvo</span> <span class='ocrx_word' id='word_1_227' title='bbox 867 1280 928 1328; x_wconf 68' lang='grc' dir='ltr'>ι’[Ῑὲ</span> <span class='ocrx_word' id='word_1_228' title='bbox 942 1305 952 1322; x_wconf 86' lang='grc'><strong><em>,</em></strong></span> <span class='ocrx_word' id='word_1_229' title='bbox 973 1285 1068 1317; x_wconf 74' lang='grc' dir='ltr'>τόι-</span> <span class='ocrx_word' id='word_1_230' title='bbox 1086 1297 1143 1327; x_wconf 61' lang='grc' dir='ltr'>πρ.</span> <span class='ocrx_word' id='word_1_231' title='bbox 1162 1282 1285 1320; x_wconf 74' lang='grc' dir='ltr'><strong><em>αὐτὸν,</em></strong></span> <span class='ocrx_word' id='word_1_232' title='bbox 1309 1292 1367 1314; x_wconf 85' lang='lat' dir='ltr'>res</span> <span class='ocrx_word' id='word_1_233' title='bbox 1379 1278 1552 1316; x_wconf 73' lang='lat' dir='ltr'>adversus</span> 
     </span>
     <span class='ocr_line' id='line_1_20' title="bbox 29 1327 1550 1378; baseline 0.001 -15"><span class='ocrx_word' id='word_1_234' title='bbox 29 1339 129 1368; x_wconf 78' lang='lat' dir='ltr'>eum,</span> <span class='ocrx_word' id='word_1_235' title='bbox 157 1327 225 1374; x_wconf 76' lang='grc' dir='ltr'><em>εῗχ.</em></span> <span class='ocrx_word' id='word_1_236' title='bbox 245 1340 324 1366; x_wconf 84' lang='lat' dir='ltr'>tuta</span> <span class='ocrx_word' id='word_1_237' title='bbox 343 1339 478 1366; x_wconf 65' lang='lat' dir='ltr'>eranu‘</span> <span class='ocrx_word' id='word_1_238' title='bbox 504 1331 544 1366; x_wconf 90' lang='lat' dir='ltr'>in</span> <span class='ocrx_word' id='word_1_239' title='bbox 563 1342 641 1376; x_wconf 66' lang='grc' dir='ltr'>«οφ.</span> <span class='ocrx_word' id='word_1_240' title='bbox 662 1330 741 1378; x_wconf 91' lang='lat' dir='ltr'>post</span> <span class='ocrx_word' id='word_1_241' title='bbox 759 1332 796 1366; x_wconf 71' lang='grc' dir='ltr'>Ρ,</span> <span class='ocrx_word' id='word_1_242' title='bbox 817 1330 999 1366; x_wconf 77' lang='lat' dir='ltr'>liberrima</span> <span class='ocrx_word' id='word_1_243' title='bbox 1022 1329 1180 1366; x_wconf 83' lang='lat' dir='ltr'>afferens</span> <span class='ocrx_word' id='word_1_244' title='bbox 1199 1332 1258 1365; x_wconf 88' lang='lat' dir='ltr'>Sb.</span> <span class='ocrx_word' id='word_1_245' title='bbox 1275 1354 1285 1371; x_wconf 84' lang='lat'><strong>,</strong></span> <span class='ocrx_word' id='word_1_246' title='bbox 1320 1327 1384 1376; x_wconf 86' lang='lat' dir='ltr'>qui</span> <span class='ocrx_word' id='word_1_247' title='bbox 1409 1329 1446 1364; x_wconf 89' lang='lat' dir='ltr'>in</span> <span class='ocrx_word' id='word_1_248' title='bbox 1466 1328 1550 1365; x_wconf 87' lang='lat' dir='ltr'>lnd.</span> 
     </span>
     <span class='ocr_line' id='line_1_21' title="bbox 28 1376 1554 1427; baseline 0 -14"><span class='ocrx_word' id='word_1_249' title='bbox 28 1376 198 1418; x_wconf 76' lang='lat' dir='ltr'>„sollerti</span> <span class='ocrx_word' id='word_1_250' title='bbox 216 1379 364 1424; x_wconf 79' lang='lat' dir='ltr'>consilio,</span> <span class='ocrx_word' id='word_1_251' title='bbox 391 1380 496 1426; x_wconf 86' lang='lat' dir='ltr'>supra</span> <span class='ocrx_word' id='word_1_252' title='bbox 513 1386 701 1426; x_wconf 60' lang='grc' dir='ltr'><strong><em>σοφίσματι</em></strong></span> <span class='ocrx_word' id='word_1_253' title='bbox 719 1378 897 1426; x_wconf 60' lang='grc' dir='ltr'>προλαβών</span> <span class='ocrx_word' id='word_1_254' title='bbox 910 1379 1031 1415; x_wconf 76' lang='lat' dir='ltr'>dicit«</span> <span class='ocrx_word' id='word_1_255' title='bbox 1055 1380 1086 1427; x_wconf 81' lang='lat'>§.</span> <span class='ocrx_word' id='word_1_256' title='bbox 1102 1390 1157 1426; x_wconf 81' lang='lat'>3.,</span> <span class='ocrx_word' id='word_1_257' title='bbox 1183 1391 1344 1427; x_wconf 86' lang='lat' dir='ltr'>quocum</span> <span class='ocrx_word' id='word_1_258' title='bbox 1367 1377 1431 1414; x_wconf 92' lang='lat' dir='ltr'>ubi</span> <span class='ocrx_word' id='word_1_259' title='bbox 1450 1390 1554 1414; x_wconf 84' lang='lat' dir='ltr'>corn.</span> 
     </span>
     <span class='ocr_line' id='line_1_22' title="bbox 30 1427 1553 1477; baseline 0.001 -15"><span class='ocrx_word' id='word_1_260' title='bbox 30 1439 137 1474; x_wconf 86' lang='lat' dir='ltr'>pares</span> <span class='ocrx_word' id='word_1_261' title='bbox 151 1452 162 1468; x_wconf 77' lang='grc'><em>,</em></span> <span class='ocrx_word' id='word_1_262' title='bbox 199 1439 297 1464; x_wconf 87' lang='lat' dir='ltr'>unus</span> <span class='ocrx_word' id='word_1_263' title='bbox 318 1430 386 1466; x_wconf 87' lang='lat' dir='ltr'>abl.</span> <span class='ocrx_word' id='word_1_264' title='bbox 410 1439 488 1475; x_wconf 67' lang='grc' dir='ltr'>σος).</span> <span class='ocrx_word' id='word_1_265' title='bbox 508 1430 711 1477; x_wconf 81' lang='lat' dir='ltr'>relpondet</span> <span class='ocrx_word' id='word_1_266' title='bbox 732 1427 914 1477; x_wconf 74' lang='lat' dir='ltr'>praesenti</span> <span class='ocrx_word' id='word_1_267' title='bbox 933 1428 1117 1465; x_wconf 87' lang='lat' dir='ltr'>formulae</span> <span class='ocrx_word' id='word_1_268' title='bbox 1137 1441 1202 1476; x_wconf 88' lang='lat' dir='ltr'>per</span> <span class='ocrx_word' id='word_1_269' title='bbox 1222 1441 1344 1474; x_wconf 84' lang='lat' dir='ltr'>praep.</span> <span class='ocrx_word' id='word_1_270' title='bbox 1364 1453 1374 1468; x_wconf 85' lang='lat'><em>,</em></span> <span class='ocrx_word' id='word_1_271' title='bbox 1399 1439 1468 1475; x_wconf 86' lang='lat' dir='ltr'>qua</span> <span class='ocrx_word' id='word_1_272' title='bbox 1491 1439 1553 1463; x_wconf 83' lang='lat' dir='ltr'>va-</span> 
     </span>
     <span class='ocr_line' id='line_1_23' title="bbox 30 1475 1553 1527; baseline -0.001 -15"><span class='ocrx_word' id='word_1_273' title='bbox 30 1475 149 1514; x_wconf 86' lang='lat' dir='ltr'>riatur</span> <span class='ocrx_word' id='word_1_274' title='bbox 167 1489 253 1514; x_wconf 84' lang='lat' dir='ltr'>curn</span> <span class='ocrx_word' id='word_1_275' title='bbox 274 1490 308 1519; x_wconf 81' lang='lat'>2,</span> <span class='ocrx_word' id='word_1_276' title='bbox 333 1490 389 1526; x_wconf 86' lang='lat'>13,</span> <span class='ocrx_word' id='word_1_277' title='bbox 416 1490 468 1514; x_wconf 85' lang='grc' dir='ltr'>ιο.</span> <span class='ocrx_word' id='word_1_278' title='bbox 489 1481 592 1516; x_wconf 82' lang='lat' dir='ltr'>nudo</span> <span class='ocrx_word' id='word_1_279' title='bbox 613 1480 682 1515; x_wconf 82' lang='lat' dir='ltr'>abl.</span> <span class='ocrx_word' id='word_1_280' title='bbox 700 1484 825 1526; x_wconf 64' lang='grc' dir='ltr'><em>σοφίᾳ,</em></span> <span class='ocrx_word' id='word_1_281' title='bbox 860 1479 921 1515; x_wconf 84' lang='lat' dir='ltr'>ubi</span> <span class='ocrx_word' id='word_1_282' title='bbox 943 1477 1130 1515; x_wconf 79' lang='lat' dir='ltr'>servassem</span> <span class='ocrx_word' id='word_1_283' title='bbox 1148 1488 1214 1527; x_wconf 84' lang='lat' dir='ltr'>per</span> <span class='ocrx_word' id='word_1_284' title='bbox 1234 1477 1414 1523; x_wconf 74' lang='lat' dir='ltr'>astutiam,</span> <span class='ocrx_word' id='word_1_285' title='bbox 1442 1477 1553 1525; x_wconf 83' lang='lat' dir='ltr'>igno-</span> 
     </span>
     <span class='ocr_line' id='line_1_24' title="bbox 30 1525 1554 1576; baseline 0 -14"><span class='ocrx_word' id='word_1_286' title='bbox 30 1538 136 1562; x_wconf 83' lang='lat' dir='ltr'>rante</span> <span class='ocrx_word' id='word_1_287' title='bbox 155 1525 351 1564; x_wconf 88' lang='lat' dir='ltr'>formulam</span> <span class='ocrx_word' id='word_1_288' title='bbox 371 1531 450 1575; x_wconf 85' lang='lat' dir='ltr'>Stp.</span> <span class='ocrx_word' id='word_1_289' title='bbox 472 1529 568 1570; x_wconf 64' lang='lat' dir='ltr'>Th„</span> <span class='ocrx_word' id='word_1_290' title='bbox 595 1529 727 1565; x_wconf 54' lang='lat' dir='ltr'>saetam</span> <span class='ocrx_word' id='word_1_291' title='bbox 746 1542 765 1564; x_wconf 88' lang='lat' dir='ltr'>a</span> <span class='ocrx_word' id='word_1_292' title='bbox 784 1528 919 1565; x_wconf 82' lang='lat' dir='ltr'>Nostro</span> <span class='ocrx_word' id='word_1_293' title='bbox 942 1540 984 1564; x_wconf 88' lang='lat' dir='ltr'>ex</span> <span class='ocrx_word' id='word_1_294' title='bbox 1005 1529 1149 1576; x_wconf 82' lang='lat' dir='ltr'>analog.</span> <span class='ocrx_word' id='word_1_295' title='bbox 1171 1527 1310 1568; x_wconf 88' lang='lat' dir='ltr'>saltem,</span> <span class='ocrx_word' id='word_1_296' title='bbox 1339 1537 1383 1562; x_wconf 91' lang='lat' dir='ltr'>ut</span> <span class='ocrx_word' id='word_1_297' title='bbox 1403 1539 1440 1563; x_wconf 89' lang='lat' dir='ltr'>et</span> <span class='ocrx_word' id='word_1_298' title='bbox 1461 1527 1554 1563; x_wconf 88' lang='lat' dir='ltr'>alte-</span> 
     </span>
     <span class='ocr_line' id='line_1_25' title="bbox 30 1575 1552 1624; baseline 0.003 -15"><span class='ocrx_word' id='word_1_299' title='bbox 30 1587 109 1610; x_wconf 77' lang='lat' dir='ltr'>ram</span> <span class='ocrx_word' id='word_1_300' title='bbox 133 1575 172 1612; x_wconf 88' lang='lat' dir='ltr'>in</span> <span class='ocrx_word' id='word_1_301' title='bbox 192 1577 273 1612; x_wconf 77' lang='lat' dir='ltr'>adv·</span> <span class='ocrx_word' id='word_1_302' title='bbox 295 1583 381 1624; x_wconf 76' lang='grc' dir='ltr'><strong><em>ἆσφ.</em></strong></span> <span class='ocrx_word' id='word_1_303' title='bbox 405 1590 491 1613; x_wconf 88' lang='lat' dir='ltr'>cum</span> <span class='ocrx_word' id='word_1_304' title='bbox 509 1591 543 1612; x_wconf 92' lang='lat' dir='ltr'>v.</span> <span class='ocrx_word' id='word_1_305' title='bbox 563 1583 640 1623; x_wconf 76' lang='grc' dir='ltr'><em>ἐχ.,</em></span> <span class='ocrx_word' id='word_1_306' title='bbox 667 1578 908 1624; x_wconf 86' lang='lat' dir='ltr'>ubiStp.Th.</span> <span class='ocrx_word' id='word_1_307' title='bbox 930 1587 962 1622; x_wconf 84' lang='lat'>3,</span> <span class='ocrx_word' id='word_1_308' title='bbox 985 1589 1090 1620; x_wconf 81' lang='lat'>1172.</span> <span class='ocrx_word' id='word_1_309' title='bbox 1105 1592 1137 1613; x_wconf 88' lang='lat' dir='ltr'>e.</span> <span class='ocrx_word' id='word_1_310' title='bbox 1162 1578 1242 1616; x_wconf 86' lang='lat' dir='ltr'>„ita</span> <span class='ocrx_word' id='word_1_311' title='bbox 1263 1575 1479 1619; x_wconf 85' lang='lat' dir='ltr'>firmaverat,</span> <span class='ocrx_word' id='word_1_312' title='bbox 1507 1587 1552 1613; x_wconf 89' lang='lat' dir='ltr'>ut</span> 
     </span>
     <span class='ocr_line' id='line_1_26' title="bbox 33 1624 1549 1675; baseline 0.001 -15"><span class='ocrx_word' id='word_1_313' title='bbox 33 1634 116 1660; x_wconf 82' lang='lat' dir='ltr'>tuta</span> <span class='ocrx_word' id='word_1_314' title='bbox 135 1625 205 1660; x_wconf 76' lang='lat' dir='ltr'>effe</span> <span class='ocrx_word' id='word_1_315' title='bbox 222 1624 466 1662; x_wconf 69' lang='lat' dir='ltr'>viderenturcc</span> <span class='ocrx_word' id='word_1_316' title='bbox 491 1627 602 1675; x_wconf 78' lang='lat' dir='ltr'>longa</span> <span class='ocrx_word' id='word_1_317' title='bbox 623 1627 870 1667; x_wconf 85' lang='lat' dir='ltr'>circuitione,</span> <span class='ocrx_word' id='word_1_318' title='bbox 912 1639 979 1673; x_wconf 89' lang='lat' dir='ltr'>pro</span> <span class='ocrx_word' id='word_1_319' title='bbox 1007 1626 1181 1663; x_wconf 83' lang='lat' dir='ltr'>severiori</span> <span class='ocrx_word' id='word_1_320' title='bbox 1206 1625 1352 1662; x_wconf 84' lang='lat' dir='ltr'>ratione</span> <span class='ocrx_word' id='word_1_321' title='bbox 1380 1638 1447 1671; x_wconf 80' lang='lat' dir='ltr'>per</span> <span class='ocrx_word' id='word_1_322' title='bbox 1475 1624 1549 1661; x_wconf 85' lang='lat' dir='ltr'>adi.</span> 
     </span>
     <span class='ocr_line' id='line_1_27' title="bbox 25 1673 1553 1722; baseline 0.002 -15"><span class='ocrx_word' id='word_1_323' title='bbox 25 1683 118 1717; x_wconf 14' lang='lat' dir='ltr'>rcum</span> <span class='ocrx_word' id='word_1_324' title='bbox 142 1686 173 1708; x_wconf 89' lang='grc' dir='ltr'>ν.</span> <span class='ocrx_word' id='word_1_325' title='bbox 192 1673 316 1717; x_wconf 86' lang='lat' dir='ltr'>subst.,</span> <span class='ocrx_word' id='word_1_326' title='bbox 348 1675 556 1722; x_wconf 87' lang='lat' dir='ltr'>supplendo</span> <span class='ocrx_word' id='word_1_327' title='bbox 579 1688 683 1711; x_wconf 87' lang='lat' dir='ltr'>nom.</span> <span class='ocrx_word' id='word_1_328' title='bbox 703 1680 894 1720; x_wconf 63' lang='grc' dir='ltr'>πράγματα</span> <span class='ocrx_word' id='word_1_329' title='bbox 916 1675 959 1709; x_wconf 90' lang='lat' dir='ltr'>ad</span> <span class='ocrx_word' id='word_1_330' title='bbox 985 1675 1087 1711; x_wconf 86' lang='lat' dir='ltr'>artic.</span> <span class='ocrx_word' id='word_1_331' title='bbox 1103 1699 1113 1716; x_wconf 91' lang='lat'><strong>,</strong></span> <span class='ocrx_word' id='word_1_332' title='bbox 1150 1676 1276 1722; x_wconf 81' lang='lat' dir='ltr'>(quam</span> <span class='ocrx_word' id='word_1_333' title='bbox 1297 1674 1372 1720; x_wconf 85' lang='lat' dir='ltr'>ipse</span> <span class='ocrx_word' id='word_1_334' title='bbox 1394 1675 1471 1720; x_wconf 86' lang='lat' dir='ltr'>Stp.</span> <span class='ocrx_word' id='word_1_335' title='bbox 1490 1674 1553 1710; x_wconf 89' lang='lat' dir='ltr'>hic</span> 
     </span>
     <span class='ocr_line' id='line_1_28' title="bbox 32 1720 1555 1772; baseline 0.002 -15"><span class='ocrx_word' id='word_1_336' title='bbox 32 1720 76 1757; x_wconf 81' lang='lat' dir='ltr'>in</span> <span class='ocrx_word' id='word_1_337' title='bbox 97 1735 144 1757; x_wconf 87' lang='lat' dir='ltr'>m.</span> <span class='ocrx_word' id='word_1_338' title='bbox 164 1723 356 1764; x_wconf 89' lang='lat' dir='ltr'>adhibuit,</span> <span class='ocrx_word' id='word_1_339' title='bbox 384 1724 482 1760; x_wconf 90' lang='lat' dir='ltr'>unde</span> <span class='ocrx_word' id='word_1_340' title='bbox 502 1735 541 1759; x_wconf 88' lang='lat' dir='ltr'>et</span> <span class='ocrx_word' id='word_1_341' title='bbox 560 1727 645 1772; x_wconf 59' lang='lat' dir='ltr'>Eg„</span> <span class='ocrx_word' id='word_1_342' title='bbox 682 1737 748 1770; x_wconf 84' lang='lat' dir='ltr'>pro</span> <span class='ocrx_word' id='word_1_343' title='bbox 770 1724 868 1760; x_wconf 82' lang='lat' dir='ltr'>istius</span> <span class='ocrx_word' id='word_1_344' title='bbox 888 1724 984 1769; x_wconf 89' lang='lat' dir='ltr'>plur.</span> <span class='ocrx_word' id='word_1_345' title='bbox 1010 1724 1048 1759; x_wconf 89' lang='lat' dir='ltr'>in</span> <span class='ocrx_word' id='word_1_346' title='bbox 1069 1724 1184 1759; x_wconf 88' lang='lat' dir='ltr'>verbo</span> <span class='ocrx_word' id='word_1_347' title='bbox 1214 1723 1379 1771; x_wconf 81' lang='lat' dir='ltr'>deligens</span> <span class='ocrx_word' id='word_1_348' title='bbox 1398 1721 1555 1771; x_wconf 70' lang='lat' dir='ltr'>singula·</span> 
     </span>
     <span class='ocr_line' id='line_1_29' title="bbox 0 1771 1554 1821; baseline 0.001 -15"><span class='ocrx_word' id='word_1_349' title='bbox 0 1776 1 1780; x_wconf 79' lang='grc'>’</span> <span class='ocrx_word' id='word_1_350' title='bbox 32 1773 142 1817; x_wconf 78' lang='lat' dir='ltr'>rem‚)</span> <span class='ocrx_word' id='word_1_351' title='bbox 162 1781 201 1807; x_wconf 88' lang='lat' dir='ltr'>et</span> <span class='ocrx_word' id='word_1_352' title='bbox 220 1771 394 1808; x_wconf 84' lang='lat' dir='ltr'>sumenda</span> <span class='ocrx_word' id='word_1_353' title='bbox 427 1773 698 1820; x_wconf 69' lang='lat' dir='ltr'>praepositione</span> <span class='ocrx_word' id='word_1_354' title='bbox 718 1788 777 1818; x_wconf 65' lang='grc' dir='ltr'>πρ.</span> <span class='ocrx_word' id='word_1_355' title='bbox 802 1785 868 1820; x_wconf 88' lang='lat' dir='ltr'>pro</span> <span class='ocrx_word' id='word_1_356' title='bbox 890 1774 970 1808; x_wconf 83' lang='lat' dir='ltr'>Lat.</span> <span class='ocrx_word' id='word_1_357' title='bbox 991 1772 1050 1808; x_wconf 85' lang='lat' dir='ltr'>illa</span> <span class='ocrx_word' id='word_1_358' title='bbox 1073 1773 1156 1807; x_wconf 87' lang='lat' dir='ltr'>Sch.</span> <span class='ocrx_word' id='word_1_359' title='bbox 1180 1775 1375 1821; x_wconf 65' lang='lat' dir='ltr'><em>adum-sus,</em></span> <span class='ocrx_word' id='word_1_360' title='bbox 1412 1773 1437 1812; x_wconf 79' lang='lat' dir='ltr'>i,</span> <span class='ocrx_word' id='word_1_361' title='bbox 1456 1783 1554 1821; x_wconf 84' lang='lat' dir='ltr'>erga,</span> 
     </span>
     <span class='ocr_line' id='line_1_30' title="bbox 32 1820 1553 1871; baseline 0.002 -16"><span class='ocrx_word' id='word_1_362' title='bbox 32 1831 99 1857; x_wconf 82' lang='lat' dir='ltr'>aut</span> <span class='ocrx_word' id='word_1_363' title='bbox 118 1833 184 1867; x_wconf 85' lang='lat' dir='ltr'>pro</span> <span class='ocrx_word' id='word_1_364' title='bbox 209 1822 269 1857; x_wconf 86' lang='lat' dir='ltr'>illa</span> <span class='ocrx_word' id='word_1_365' title='bbox 293 1825 351 1870; x_wconf 79' lang='lat' dir='ltr'>Bg.</span> <span class='ocrx_word' id='word_1_366' title='bbox 366 1848 375 1863; x_wconf 93' lang='lat'><strong>,</strong></span> <span class='ocrx_word' id='word_1_367' title='bbox 399 1820 575 1871; x_wconf 75' lang='lat' dir='ltr'>postquam</span> <span class='ocrx_word' id='word_1_368' title='bbox 597 1835 653 1857; x_wconf 87' lang='lat' dir='ltr'>res</span> <span class='ocrx_word' id='word_1_369' title='bbox 674 1823 740 1868; x_wconf 79' lang='lat' dir='ltr'>ipſs</span> <span class='ocrx_word' id='word_1_370' title='bbox 760 1835 844 1858; x_wconf 88' lang='lat' dir='ltr'>cum</span> <span class='ocrx_word' id='word_1_371' title='bbox 863 1823 946 1857; x_wconf 79' lang='lat' dir='ltr'><em>Alb.</em></span> <span class='ocrx_word' id='word_1_372' title='bbox 971 1835 1035 1868; x_wconf 87' lang='lat' dir='ltr'>per</span> <span class='ocrx_word' id='word_1_373' title='bbox 1049 1821 1159 1870; x_wconf 79' lang='lat' dir='ltr'>astum</span> <span class='ocrx_word' id='word_1_374' title='bbox 1181 1832 1282 1858; x_wconf 85' lang='lat' dir='ltr'>tutae</span> <span class='ocrx_word' id='word_1_375' title='bbox 1301 1831 1431 1862; x_wconf 83' lang='lat' dir='ltr'>erant,</span> <span class='ocrx_word' id='word_1_376' title='bbox 1466 1821 1490 1858; x_wconf 93' lang='lat' dir='ltr'>s.</span> <span class='ocrx_word' id='word_1_377' title='bbox 1512 1823 1553 1858; x_wconf 78' lang='lat' dir='ltr'>in</span> 
     </span>
     <span class='ocr_line' id='line_1_31' title="bbox 32 1870 1552 1918; baseline 0 -12"><span class='ocrx_word' id='word_1_378' title='bbox 32 1878 133 1909; x_wconf 77' lang='lat' dir='ltr'>tuto,</span> <span class='ocrx_word' id='word_1_379' title='bbox 168 1870 207 1915; x_wconf 90' lang='lat' dir='ltr'>(i.</span> <span class='ocrx_word' id='word_1_380' title='bbox 223 1884 256 1907; x_wconf 91' lang='lat' dir='ltr'>e.</span> <span class='ocrx_word' id='word_1_381' title='bbox 276 1883 342 1917; x_wconf 85' lang='lat' dir='ltr'>per</span> <span class='ocrx_word' id='word_1_382' title='bbox 359 1871 468 1906; x_wconf 82' lang='lat' dir='ltr'>astum</span> <span class='ocrx_word' id='word_1_383' title='bbox 491 1872 726 1913; x_wconf 58' lang='lat' dir='ltr'>adhibitum)</span> <span class='ocrx_word' id='word_1_384' title='bbox 746 1871 943 1906; x_wconf 83' lang='lat' dir='ltr'>formulam</span> <span class='ocrx_word' id='word_1_385' title='bbox 964 1872 1057 1907; x_wconf 83' lang='lat' dir='ltr'>hanc</span> <span class='ocrx_word' id='word_1_386' title='bbox 1082 1870 1189 1916; x_wconf 87' lang='lat' dir='ltr'>postr.</span> <span class='ocrx_word' id='word_1_387' title='bbox 1212 1883 1278 1918; x_wconf 89' lang='lat' dir='ltr'>per</span> <span class='ocrx_word' id='word_1_388' title='bbox 1297 1883 1415 1917; x_wconf 82' lang='lat' dir='ltr'>praep.</span> <span class='ocrx_word' id='word_1_389' title='bbox 1431 1871 1552 1909; x_wconf 75' lang='lat' dir='ltr'>eradi.</span> 
     </span>
     <span class='ocr_line' id='line_1_32' title="bbox 33 1918 1554 2003; baseline 0.001 -49"><span class='ocrx_word' id='word_1_390' title='bbox 33 1920 238 2003; x_wconf 76' lang='lat' dir='ltr'>toledraturo</span> <span class='ocrx_word' id='word_1_391' title='bbox 258 1933 338 1962; x_wconf 87' lang='lat' dir='ltr'>me,</span> <span class='ocrx_word' id='word_1_392' title='bbox 368 1920 454 1970; x_wconf 83' lang='lat' dir='ltr'>quia</span> <span class='ocrx_word' id='word_1_393' title='bbox 471 1922 674 1968; x_wconf 86' lang='lat' dir='ltr'>respondet</span> <span class='ocrx_word' id='word_1_394' title='bbox 696 1920 902 1962; x_wconf 56' lang='lat' dir='ltr'>adieciivffi</span> <span class='ocrx_word' id='word_1_395' title='bbox 938 1918 979 1956; x_wconf 85' lang='lat' dir='ltr'>in</span> <span class='ocrx_word' id='word_1_396' title='bbox 998 1920 1102 1969; x_wconf 86' lang='lat' dir='ltr'>quod</span> <span class='ocrx_word' id='word_1_397' title='bbox 1122 1920 1205 1958; x_wconf 84' lang='lat' dir='ltr'>adv.</span> <span class='ocrx_word' id='word_1_398' title='bbox 1229 1932 1315 1956; x_wconf 84' lang='lat' dir='ltr'>cum</span> <span class='ocrx_word' id='word_1_399' title='bbox 1337 1933 1368 1956; x_wconf 87' lang='lat' dir='ltr'>v.</span> <span class='ocrx_word' id='word_1_400' title='bbox 1394 1925 1449 1965; x_wconf 82' lang='grc' dir='ltr'>ἐχ.</span> <span class='ocrx_word' id='word_1_401' title='bbox 1472 1931 1554 1956; x_wconf 88' lang='lat' dir='ltr'>mu-</span> 
     </span>
     <span class='ocr_line' id='line_1_33' title="bbox 31 1978 203 2004; baseline -0.006 0"><span class='ocrx_word' id='word_1_402' title='bbox 31 1978 98 2004; x_wconf 84' lang='lat' dir='ltr'>tan</span> <span class='ocrx_word' id='word_1_403' title='bbox 129 1981 203 2004; x_wconf 87' lang='lat' dir='ltr'>um.</span> 
     </span>
    </p>

    <p class='ocr_par' dir='ltr' id='par_1_7' title="bbox 21 2017 1555 2364">
     <span class='ocr_line' id='line_1_34' title="bbox 83 2017 1553 2067; baseline 0.002 -14"><span class='ocrx_word' id='word_1_404' title='bbox 83 2020 159 2055; x_wconf 78' lang='grc' dir='ltr'>οὖδέ</span> <span class='ocrx_word' id='word_1_405' title='bbox 179 2034 213 2056; x_wconf 74' lang='lat' dir='ltr'>r.</span> <span class='ocrx_word' id='word_1_406' title='bbox 232 2021 278 2062; x_wconf 79' lang='grc' dir='ltr'>δ.)</span> <span class='ocrx_word' id='word_1_407' title='bbox 305 2019 447 2067; x_wconf 80' lang='lat' dir='ltr'>Legere</span> <span class='ocrx_word' id='word_1_408' title='bbox 465 2031 577 2067; x_wconf 81' lang='lat' dir='ltr'>queas</span> <span class='ocrx_word' id='word_1_409' title='bbox 599 2019 709 2056; x_wconf 89' lang='lat' dir='ltr'>etiam</span> <span class='ocrx_word' id='word_1_410' title='bbox 731 2020 798 2056; x_wconf 78' lang='grc' dir='ltr'><em>οὔδ’</em></span> <span class='ocrx_word' id='word_1_411' title='bbox 819 2017 890 2060; x_wconf 74' lang='grc' dir='ltr'>ἔτις</span> <span class='ocrx_word' id='word_1_412' title='bbox 927 2030 1054 2066; x_wconf 85' lang='lat' dir='ltr'>neque</span> <span class='ocrx_word' id='word_1_413' title='bbox 1074 2020 1226 2067; x_wconf 81' lang='lat' dir='ltr'>amplius</span> <span class='ocrx_word' id='word_1_414' title='bbox 1245 2017 1310 2054; x_wconf 87' lang='lat' dir='ltr'>rel.</span> <span class='ocrx_word' id='word_1_415' title='bbox 1326 2018 1414 2065; x_wconf 61' lang='lat' dir='ltr'>Sylb.</span> <span class='ocrx_word' id='word_1_416' title='bbox 1448 2017 1553 2056; x_wconf 84' lang='lat' dir='ltr'>forte</span> 
     </span>
     <span class='ocr_line' id='line_1_35' title="bbox 31 2065 1555 2116; baseline 0.001 -12"><span class='ocrx_word' id='word_1_417' title='bbox 31 2065 80 2104; x_wconf 87' lang='lat' dir='ltr'>sc</span> <span class='ocrx_word' id='word_1_418' title='bbox 102 2067 306 2104; x_wconf 79' lang='lat' dir='ltr'>coniiciens</span> <span class='ocrx_word' id='word_1_419' title='bbox 323 2082 343 2105; x_wconf 91' lang='lat' dir='ltr'>e</span> <span class='ocrx_word' id='word_1_420' title='bbox 366 2070 428 2110; x_wconf 85' lang='lat' dir='ltr'>P„</span> <span class='ocrx_word' id='word_1_421' title='bbox 456 2068 544 2104; x_wconf 82' lang='lat' dir='ltr'>nullo</span> <span class='ocrx_word' id='word_1_422' title='bbox 564 2069 638 2105; x_wconf 85' lang='lat' dir='ltr'>iarn</span> <span class='ocrx_word' id='word_1_423' title='bbox 657 2083 702 2105; x_wconf 84' lang='lat' dir='ltr'>ex</span> <span class='ocrx_word' id='word_1_424' title='bbox 719 2070 781 2104; x_wconf 86' lang='lat' dir='ltr'>Br.</span> <span class='ocrx_word' id='word_1_425' title='bbox 803 2068 1047 2114; x_wconf 87' lang='lat' dir='ltr'>impendente</span> <span class='ocrx_word' id='word_1_426' title='bbox 1065 2078 1158 2104; x_wconf 86' lang='lat' dir='ltr'>metu</span> <span class='ocrx_word' id='word_1_427' title='bbox 1171 2093 1182 2109; x_wconf 96' lang='lat'>,</span> <span class='ocrx_word' id='word_1_428' title='bbox 1208 2067 1273 2116; x_wconf 88' lang='lat' dir='ltr'>qui</span> <span class='ocrx_word' id='word_1_429' title='bbox 1296 2078 1421 2104; x_wconf 86' lang='lat' dir='ltr'>tamen</span> <span class='ocrx_word' id='word_1_430' title='bbox 1435 2069 1555 2105; x_wconf 85' lang='lat' dir='ltr'>libere</span> 
     </span>
     <span class='ocr_line' id='line_1_36' title="bbox 21 2117 1554 2166; baseline -0.001 -11"><span class='ocrx_word' id='word_1_431' title='bbox 21 2150 26 2155; x_wconf 94' lang='lat'>.</span> <span class='ocrx_word' id='word_1_432' title='bbox 51 2117 262 2163; x_wconf 84' lang='lat' dir='ltr'>uppleverit</span> <span class='ocrx_word' id='word_1_433' title='bbox 279 2120 361 2155; x_wconf 89' lang='lat' dir='ltr'>adv.</span> <span class='ocrx_word' id='word_1_434' title='bbox 387 2119 591 2165; x_wconf 81' lang='lat' dir='ltr'>temporis,</span> <span class='ocrx_word' id='word_1_435' title='bbox 626 2129 670 2153; x_wconf 90' lang='lat' dir='ltr'>ut</span> <span class='ocrx_word' id='word_1_436' title='bbox 689 2121 750 2166; x_wconf 79' lang='lat' dir='ltr'>ssg.</span> <span class='ocrx_word' id='word_1_437' title='bbox 780 2118 920 2154; x_wconf 82' lang='lat' dir='ltr'>retinet</span> <span class='ocrx_word' id='word_1_438' title='bbox 950 2118 1072 2165; x_wconf 86' lang='lat' dir='ltr'>vulg.,</span> <span class='ocrx_word' id='word_1_439' title='bbox 1108 2117 1171 2154; x_wconf 87' lang='lat' dir='ltr'>sed</span> <span class='ocrx_word' id='word_1_440' title='bbox 1189 2131 1209 2154; x_wconf 91' lang='lat' dir='ltr'>e</span> <span class='ocrx_word' id='word_1_441' title='bbox 1230 2120 1266 2154; x_wconf 84' lang='lat' dir='ltr'>P.</span> <span class='ocrx_word' id='word_1_442' title='bbox 1289 2129 1321 2153; x_wconf 87' lang='lat' dir='ltr'>v.</span> <span class='ocrx_word' id='word_1_443' title='bbox 1342 2119 1445 2158; x_wconf 80' lang='lat' dir='ltr'>Lat..</span> <span class='ocrx_word' id='word_1_444' title='bbox 1482 2129 1554 2164; x_wconf 86' lang='lat' dir='ltr'>pro</span> 
     </span>
     <span class='ocr_line' id='line_1_37' title="bbox 30 2165 1554 2214; baseline -0.001 -11"><span class='ocrx_word' id='word_1_445' title='bbox 30 2165 162 2203; x_wconf 82' lang='lat' dir='ltr'>severo</span> <span class='ocrx_word' id='word_1_446' title='bbox 181 2166 265 2202; x_wconf 83' lang='lat' dir='ltr'>Sch.</span> <span class='ocrx_word' id='word_1_447' title='bbox 285 2167 325 2203; x_wconf 90' lang='lat' dir='ltr'>in</span> <span class='ocrx_word' id='word_1_448' title='bbox 353 2170 410 2208; x_wconf 61' lang='grc' dir='ltr'>ηδ.</span> <span class='ocrx_word' id='word_1_449' title='bbox 431 2178 542 2204; x_wconf 80' lang='lat' dir='ltr'>metus</span> <span class='ocrx_word' id='word_1_450' title='bbox 563 2179 641 2203; x_wconf 82' lang='lat' dir='ltr'>erat</span> <span class='ocrx_word' id='word_1_451' title='bbox 661 2181 704 2204; x_wconf 79' lang='lat' dir='ltr'>ex</span> <span class='ocrx_word' id='word_1_452' title='bbox 725 2174 793 2195; x_wconf 80' lang='lat'>-“</span> <span class='ocrx_word' id='word_1_453' title='bbox 820 2179 897 2212; x_wconf 85' lang='lat' dir='ltr'>quo</span> <span class='ocrx_word' id='word_1_454' title='bbox 930 2167 1093 2204; x_wconf 81' lang='lat' dir='ltr'>variatur</span> <span class='ocrx_word' id='word_1_455' title='bbox 1113 2179 1197 2203; x_wconf 86' lang='lat' dir='ltr'>curn</span> <span class='ocrx_word' id='word_1_456' title='bbox 1220 2180 1253 2207; x_wconf 83' lang='lat'>2,</span> <span class='ocrx_word' id='word_1_457' title='bbox 1277 2171 1311 2208; x_wconf 86' lang='lat'>6,</span> <span class='ocrx_word' id='word_1_458' title='bbox 1333 2181 1367 2212; x_wconf 88' lang='lat'>4.</span> <span class='ocrx_word' id='word_1_459' title='bbox 1397 2180 1462 2214; x_wconf 84' lang='lat' dir='ltr'>per</span> <span class='ocrx_word' id='word_1_460' title='bbox 1489 2165 1554 2201; x_wconf 82' lang='lat' dir='ltr'>ad-</span> 
     </span>
     <span class='ocr_line' id='line_1_38' title="bbox 30 2215 1555 2263; baseline 0 -11"><span class='ocrx_word' id='word_1_461' title='bbox 30 2215 214 2259; x_wconf 67' lang='grc' dir='ltr'><strong>ἱιιηξξυιῃ,</strong></span> <span class='ocrx_word' id='word_1_462' title='bbox 240 2215 427 2263; x_wconf 65' lang='lat' dir='ltr'>spectante</span> <span class='ocrx_word' id='word_1_463' title='bbox 441 2219 512 2254; x_wconf 82' lang='lat' dir='ltr'>huc</span> <span class='ocrx_word' id='word_1_464' title='bbox 525 2218 604 2263; x_wconf 82' lang='lat' dir='ltr'>Stp.</span> <span class='ocrx_word' id='word_1_465' title='bbox 621 2218 696 2253; x_wconf 86' lang='lat' dir='ltr'>Th.</span> <span class='ocrx_word' id='word_1_466' title='bbox 721 2230 750 2258; x_wconf 85' lang='grc' dir='ltr'>ι,</span> <span class='ocrx_word' id='word_1_467' title='bbox 770 2228 813 2260; x_wconf 80' lang='lat'>92</span> <span class='ocrx_word' id='word_1_468' title='bbox 824 2230 851 2251; x_wconf 88' lang='lat'>1.</span> <span class='ocrx_word' id='word_1_469' title='bbox 865 2217 905 2252; x_wconf 90' lang='lat' dir='ltr'>C.</span> <span class='ocrx_word' id='word_1_470' title='bbox 923 2230 968 2252; x_wconf 88' lang='lat' dir='ltr'>m.</span> <span class='ocrx_word' id='word_1_471' title='bbox 989 2228 1009 2251; x_wconf 89' lang='lat' dir='ltr'>e</span> <span class='ocrx_word' id='word_1_472' title='bbox 1029 2217 1069 2251; x_wconf 89' lang='lat' dir='ltr'>P.</span> <span class='ocrx_word' id='word_1_473' title='bbox 1100 2216 1316 2257; x_wconf 85' lang='lat' dir='ltr'>‚,Herodot.</span> <span class='ocrx_word' id='word_1_474' title='bbox 1338 2217 1360 2250; x_wconf 86' lang='lat' dir='ltr'>l.</span> <span class='ocrx_word' id='word_1_475' title='bbox 1378 2223 1439 2251; x_wconf 83' lang='lat'>2.“</span> <span class='ocrx_word' id='word_1_476' title='bbox 1462 2227 1555 2252; x_wconf 82' lang='lat' dir='ltr'>con·</span> 
     </span>
     <span class='ocr_line' id='line_1_39' title="bbox 32 2263 1555 2314; baseline 0 -13"><span class='ocrx_word' id='word_1_477' title='bbox 32 2263 118 2301; x_wconf 84' lang='lat' dir='ltr'>fuso</span> <span class='ocrx_word' id='word_1_478' title='bbox 139 2265 294 2301; x_wconf 86' lang='lat' dir='ltr'>nomine</span> <span class='ocrx_word' id='word_1_479' title='bbox 314 2266 448 2303; x_wconf 76' lang='lat' dir='ltr'>iterum</span> <span class='ocrx_word' id='word_1_480' title='bbox 469 2266 617 2307; x_wconf 83' lang='lat' dir='ltr'>Nostri,</span> <span class='ocrx_word' id='word_1_481' title='bbox 648 2264 714 2314; x_wconf 89' lang='lat' dir='ltr'>qui</span> <span class='ocrx_word' id='word_1_482' title='bbox 734 2265 773 2301; x_wconf 89' lang='lat' dir='ltr'>in</span> <span class='ocrx_word' id='word_1_483' title='bbox 794 2265 899 2303; x_wconf 80' lang='lat' dir='ltr'>subst.</span> <span class='ocrx_word' id='word_1_484' title='bbox 917 2269 944 2302; x_wconf 77' lang='grc' dir='ltr'>δ.</span> <span class='ocrx_word' id='word_1_485' title='bbox 969 2278 1052 2301; x_wconf 86' lang='lat' dir='ltr'>curn</span> <span class='ocrx_word' id='word_1_486' title='bbox 1075 2278 1199 2313; x_wconf 78' lang='lat' dir='ltr'>praep.</span> <span class='ocrx_word' id='word_1_487' title='bbox 1220 2266 1280 2302; x_wconf 76' lang='lat' dir='ltr'>sua</span> <span class='ocrx_word' id='word_1_488' title='bbox 1302 2265 1466 2312; x_wconf 82' lang='lat' dir='ltr'>sequitur</span> <span class='ocrx_word' id='word_1_489' title='bbox 1477 2263 1555 2302; x_wconf 87' lang='lat' dir='ltr'>for·</span> 
     </span>
     <span class='ocr_line' id='line_1_40' title="bbox 33 2313 1356 2364; baseline -0.002 -14"><span class='ocrx_word' id='word_1_490' title='bbox 33 2322 74 2351; x_wconf 86' lang='lat' dir='ltr'>te</span> <span class='ocrx_word' id='word_1_491' title='bbox 96 2314 174 2350; x_wconf 85' lang='lat' dir='ltr'>Lat.</span> <span class='ocrx_word' id='word_1_492' title='bbox 196 2315 399 2363; x_wconf 80' lang='lat' dir='ltr'>analogiam</span> <span class='ocrx_word' id='word_1_493' title='bbox 415 2341 426 2358; x_wconf 92' lang='lat'>‚</span> <span class='ocrx_word' id='word_1_494' title='bbox 461 2313 506 2351; x_wconf 89' lang='lat' dir='ltr'>cf.</span> <span class='ocrx_word' id='word_1_495' title='bbox 528 2316 572 2350; x_wconf 88' lang='lat' dir='ltr'>G.</span> <span class='ocrx_word' id='word_1_496' title='bbox 594 2315 671 2350; x_wconf 85' lang='lat' dir='ltr'>Th.</span> <span class='ocrx_word' id='word_1_497' title='bbox 700 2325 840 2356; x_wconf 71' lang='lat' dir='ltr'>„metus</span> <span class='ocrx_word' id='word_1_498' title='bbox 859 2328 901 2350; x_wconf 84' lang='lat' dir='ltr'>ex</span> <span class='ocrx_word' id='word_1_499' title='bbox 921 2322 1095 2364; x_wconf 71' lang='lat' dir='ltr'>corpore«</span> <span class='ocrx_word' id='word_1_500' title='bbox 1124 2315 1173 2352; x_wconf 88' lang='lat' dir='ltr'>cf.</span> <span class='ocrx_word' id='word_1_501' title='bbox 1191 2324 1223 2360; x_wconf 84' lang='lat'>3,</span> <span class='ocrx_word' id='word_1_502' title='bbox 1243 2329 1280 2359; x_wconf 86' lang='lat'>4,</span> <span class='ocrx_word' id='word_1_503' title='bbox 1306 2326 1356 2357; x_wconf 86' lang='lat'>¹7-</span> 
     </span>
    </p>

    <p class='ocr_par' dir='ltr' id='par_1_8' title="bbox 29 2362 1556 2758">
     <span class='ocr_line' id='line_1_41' title="bbox 83 2362 1556 2411; baseline 0.001 -11"><span class='ocrx_word' id='word_1_504' title='bbox 83 2362 184 2400; x_wconf 77' lang='grc' dir='ltr'><strong><em>τότε</em></strong></span> <span class='ocrx_word' id='word_1_505' title='bbox 203 2363 301 2408; x_wconf 71' lang='grc' dir='ltr'>Ἰλλ.)</span> <span class='ocrx_word' id='word_1_506' title='bbox 329 2365 396 2400; x_wconf 82' lang='lat' dir='ltr'>Ms.</span> <span class='ocrx_word' id='word_1_507' title='bbox 427 2377 504 2400; x_wconf 87' lang='lat' dir='ltr'>rem</span> <span class='ocrx_word' id='word_1_508' title='bbox 533 2364 730 2400; x_wconf 80' lang='lat' dir='ltr'>habuimus</span> <span class='ocrx_word' id='word_1_509' title='bbox 754 2376 788 2405; x_wconf 88' lang='lat'>2,</span> <span class='ocrx_word' id='word_1_510' title='bbox 814 2373 870 2409; x_wconf 84' lang='lat'>13,</span> <span class='ocrx_word' id='word_1_511' title='bbox 898 2376 953 2406; x_wconf 83' lang='lat'>19.</span> <span class='ocrx_word' id='word_1_512' title='bbox 974 2363 1161 2410; x_wconf 75' lang='lat' dir='ltr'>proxime,</span> <span class='ocrx_word' id='word_1_513' title='bbox 1199 2375 1360 2411; x_wconf 89' lang='lat' dir='ltr'>quocum</span> <span class='ocrx_word' id='word_1_514' title='bbox 1389 2363 1556 2401; x_wconf 83' lang='lat' dir='ltr'>variatur</span> 
     </span>
     <span class='ocr_line' id='line_1_42' title="bbox 34 2411 1553 2462; baseline 0 -14"><span class='ocrx_word' id='word_1_515' title='bbox 34 2423 100 2459; x_wconf 83' lang='lat' dir='ltr'>per</span> <span class='ocrx_word' id='word_1_516' title='bbox 124 2411 251 2454; x_wconf 86' lang='lat' dir='ltr'>subst.,</span> <span class='ocrx_word' id='word_1_517' title='bbox 277 2412 320 2448; x_wconf 90' lang='lat' dir='ltr'>it.</span> <span class='ocrx_word' id='word_1_518' title='bbox 343 2424 426 2449; x_wconf 87' lang='lat' dir='ltr'>cum</span> <span class='ocrx_word' id='word_1_519' title='bbox 450 2427 484 2455; x_wconf 86' lang='lat'>2,</span> <span class='ocrx_word' id='word_1_520' title='bbox 502 2426 512 2448; x_wconf 88' lang='grc' dir='ltr'>ι</span> <span class='ocrx_word' id='word_1_521' title='bbox 527 2426 555 2455; x_wconf 81' lang='grc' dir='ltr'>ι,</span> <span class='ocrx_word' id='word_1_522' title='bbox 571 2426 625 2449; x_wconf 80' lang='lat'>12.</span> <span class='ocrx_word' id='word_1_523' title='bbox 648 2424 689 2449; x_wconf 87' lang='lat' dir='ltr'>et</span> <span class='ocrx_word' id='word_1_524' title='bbox 709 2415 831 2460; x_wconf 86' lang='lat' dir='ltr'>quoad</span> <span class='ocrx_word' id='word_1_525' title='bbox 845 2425 1041 2449; x_wconf 83' lang='lat' dir='ltr'>numerum</span> <span class='ocrx_word' id='word_1_526' title='bbox 1056 2424 1140 2449; x_wconf 85' lang='lat' dir='ltr'>cum</span> <span class='ocrx_word' id='word_1_527' title='bbox 1156 2424 1188 2454; x_wconf 85' lang='lat'>2,</span> <span class='ocrx_word' id='word_1_528' title='bbox 1203 2422 1238 2452; x_wconf 71' lang='lat' dir='ltr'>s.</span> <span class='ocrx_word' id='word_1_529' title='bbox 1258 2411 1347 2451; x_wconf 57' lang='lat' dir='ltr'>mi.</span> <span class='ocrx_word' id='word_1_530' title='bbox 1361 2437 1373 2452; x_wconf 78' lang='lat'>‚</span> <span class='ocrx_word' id='word_1_531' title='bbox 1398 2413 1437 2448; x_wconf 92' lang='lat' dir='ltr'>in</span> <span class='ocrx_word' id='word_1_532' title='bbox 1451 2414 1553 2462; x_wconf 77' lang='lat' dir='ltr'>vulg,</span> 
     </span>
     <span class='ocr_line' id='line_1_43' title="bbox 34 2461 1554 2512; baseline 0.001 -16"><span class='ocrx_word' id='word_1_533' title='bbox 34 2471 211 2498; x_wconf 85' lang='lat' dir='ltr'>manente</span> <span class='ocrx_word' id='word_1_534' title='bbox 232 2462 266 2497; x_wconf 77' lang='lat' dir='ltr'>P.</span> <span class='ocrx_word' id='word_1_535' title='bbox 292 2473 376 2498; x_wconf 87' lang='lat' dir='ltr'>cum</span> <span class='ocrx_word' id='word_1_536' title='bbox 400 2465 485 2512; x_wconf 64' lang='lat' dir='ltr'>ng,</span> <span class='ocrx_word' id='word_1_537' title='bbox 515 2461 579 2511; x_wconf 87' lang='lat' dir='ltr'>qui</span> <span class='ocrx_word' id='word_1_538' title='bbox 597 2463 638 2499; x_wconf 88' lang='lat' dir='ltr'>in</span> <span class='ocrx_word' id='word_1_539' title='bbox 657 2463 756 2504; x_wconf 80' lang='lat' dir='ltr'>Lat..</span> <span class='ocrx_word' id='word_1_540' title='bbox 790 2474 831 2499; x_wconf 90' lang='lat' dir='ltr'>ut</span> <span class='ocrx_word' id='word_1_541' title='bbox 851 2461 959 2504; x_wconf 85' lang='lat' dir='ltr'>alibi,</span> <span class='ocrx_word' id='word_1_542' title='bbox 992 2462 1105 2499; x_wconf 84' lang='lat' dir='ltr'>etiam</span> <span class='ocrx_word' id='word_1_543' title='bbox 1125 2462 1163 2498; x_wconf 90' lang='lat' dir='ltr'>in</span> <span class='ocrx_word' id='word_1_544' title='bbox 1185 2474 1387 2509; x_wconf 58' lang='lat' dir='ltr'>prensum</span> <span class='ocrx_word' id='word_1_545' title='bbox 1409 2475 1443 2498; x_wconf 87' lang='lat' dir='ltr'>v.</span> <span class='ocrx_word' id='word_1_546' title='bbox 1468 2469 1554 2508; x_wconf 79' lang='grc' dir='ltr'><em>εἰχ.,</em></span> 
     </span>
     <span class='ocr_line' id='line_1_44' title="bbox 33 2510 424 2558; baseline 0 -12"><span class='ocrx_word' id='word_1_547' title='bbox 33 2510 170 2558; x_wconf 81' lang='lat' dir='ltr'>partim</span> <span class='ocrx_word' id='word_1_548' title='bbox 192 2523 212 2545; x_wconf 91' lang='lat' dir='ltr'>e</span> <span class='ocrx_word' id='word_1_549' title='bbox 231 2512 266 2546; x_wconf 89' lang='lat' dir='ltr'>P.</span> <span class='ocrx_word' id='word_1_550' title='bbox 288 2510 424 2548; x_wconf 87' lang='lat' dir='ltr'>liberis.</span> 
     </span>
     <span class='ocr_line' id='line_1_45' title="bbox 29 2558 1554 2608; baseline 0.001 -11"><span class='ocrx_word' id='word_1_551' title='bbox 29 2595 32 2606; x_wconf 17' lang='lat' dir='ltr'>,v</span> <span class='ocrx_word' id='word_1_552' title='bbox 84 2562 295 2603; x_wconf 55' lang='grc' dir='ltr'>διοικεῖσθαι)</span> <span class='ocrx_word' id='word_1_553' title='bbox 319 2559 457 2606; x_wconf 85' lang='lat' dir='ltr'>Aptius</span> <span class='ocrx_word' id='word_1_554' title='bbox 477 2559 537 2597; x_wconf 88' lang='lat' dir='ltr'>hic</span> <span class='ocrx_word' id='word_1_555' title='bbox 555 2561 605 2597; x_wconf 85' lang='lat' dir='ltr'>est</span> <span class='ocrx_word' id='word_1_556' title='bbox 623 2564 829 2606; x_wconf 58' lang='grc' dir='ltr'>διῳκῆεθη,</span> <span class='ocrx_word' id='word_1_557' title='bbox 858 2572 1026 2608; x_wconf 84' lang='lat' dir='ltr'>tempore</span> <span class='ocrx_word' id='word_1_558' title='bbox 1048 2558 1260 2607; x_wconf 77' lang='lat' dir='ltr'>praeterito.</span> <span class='ocrx_word' id='word_1_559' title='bbox 1281 2560 1372 2607; x_wconf 76' lang='lat' dir='ltr'><em>Sylb.</em></span> <span class='ocrx_word' id='word_1_560' title='bbox 1426 2561 1489 2597; x_wconf 82' lang='lat' dir='ltr'>Sic</span> <span class='ocrx_word' id='word_1_561' title='bbox 1512 2572 1554 2599; x_wconf 81' lang='lat' dir='ltr'>et</span> 
     </span>
     <span class='ocr_line' id='line_1_46' title="bbox 33 2608 1555 2660; baseline 0.002 -17"><span class='ocrx_word' id='word_1_562' title='bbox 33 2618 105 2654; x_wconf 81' lang='lat' dir='ltr'>ego</span> <span class='ocrx_word' id='word_1_563' title='bbox 117 2610 252 2644; x_wconf 82' lang='lat' dir='ltr'>malim.</span> <span class='ocrx_word' id='word_1_564' title='bbox 263 2608 379 2646; x_wconf 74' lang='lat' dir='ltr'><em>Reisk.</em></span> <span class='ocrx_word' id='word_1_565' title='bbox 417 2611 505 2656; x_wconf 87' lang='lat' dir='ltr'>Qo</span> <span class='ocrx_word' id='word_1_566' title='bbox 518 2622 556 2646; x_wconf 83' lang='lat' dir='ltr'>et</span> <span class='ocrx_word' id='word_1_567' title='bbox 572 2611 971 2652; x_wconf 75' lang='lat' dir='ltr'>ducantP.11berrima,</span> <span class='ocrx_word' id='word_1_568' title='bbox 983 2611 1081 2645; x_wconf 83' lang='lat' dir='ltr'>unde</span> <span class='ocrx_word' id='word_1_569' title='bbox 1092 2610 1178 2644; x_wconf 84' lang='lat' dir='ltr'><strong>Sch.</strong></span> <span class='ocrx_word' id='word_1_570' title='bbox 1195 2610 1327 2655; x_wconf 81' lang='lat' dir='ltr'>partim</span> <span class='ocrx_word' id='word_1_571' title='bbox 1342 2621 1555 2660; x_wconf 83' lang='lat' dir='ltr'>„compara-</span> 
     </span>
     <span class='ocr_line' id='line_1_47' title="bbox 34 2656 1554 2707; baseline 0.003 -15"><span class='ocrx_word' id='word_1_572' title='bbox 34 2664 78 2692; x_wconf 76' lang='lat' dir='ltr'>ta</span> <span class='ocrx_word' id='word_1_573' title='bbox 95 2656 163 2693; x_wconf 80' lang='lat' dir='ltr'>esse</span> <span class='ocrx_word' id='word_1_574' title='bbox 183 2657 308 2694; x_wconf 73' lang='lat' dir='ltr'>omnia</span> <span class='ocrx_word' id='word_1_575' title='bbox 327 2671 373 2695; x_wconf 84' lang='lat' dir='ltr'>ex</span> <span class='ocrx_word' id='word_1_576' title='bbox 391 2659 449 2702; x_wconf 84' lang='lat' dir='ltr'>usu</span> <span class='ocrx_word' id='word_1_577' title='bbox 470 2659 647 2705; x_wconf 77' lang='lat' dir='ltr'>imperii“</span> <span class='ocrx_word' id='word_1_578' title='bbox 673 2671 752 2695; x_wconf 86' lang='lat' dir='ltr'>non</span> <span class='ocrx_word' id='word_1_579' title='bbox 771 2662 952 2707; x_wconf 81' lang='lat' dir='ltr'>probante</span> <span class='ocrx_word' id='word_1_580' title='bbox 972 2661 1036 2707; x_wconf 81' lang='lat' dir='ltr'>Bg.</span> <span class='ocrx_word' id='word_1_581' title='bbox 1067 2658 1157 2694; x_wconf 84' lang='lat' dir='ltr'>illud</span> <span class='ocrx_word' id='word_1_582' title='bbox 1178 2658 1261 2700; x_wconf 85' lang='lat' dir='ltr'><strong>Sb.,</strong></span> <span class='ocrx_word' id='word_1_583' title='bbox 1295 2671 1381 2695; x_wconf 86' lang='lat' dir='ltr'>cum</span> <span class='ocrx_word' id='word_1_584' title='bbox 1400 2670 1465 2695; x_wconf 84' lang='lat' dir='ltr'>aut</span> <span class='ocrx_word' id='word_1_585' title='bbox 1487 2672 1554 2706; x_wconf 81' lang='lat' dir='ltr'>per</span> 
     </span>
     <span class='ocr_line' id='line_1_48' title="bbox 33 2703 1551 2758; baseline 0.002 -16"><span class='ocrx_word' id='word_1_586' title='bbox 33 2703 71 2743; x_wconf 75' lang='lat' dir='ltr'>se</span> <span class='ocrx_word' id='word_1_587' title='bbox 89 2706 204 2755; x_wconf 79' lang='lat' dir='ltr'>praes.</span> <span class='ocrx_word' id='word_1_588' title='bbox 229 2708 367 2746; x_wconf 80' lang='lat' dir='ltr'>bonam</span> <span class='ocrx_word' id='word_1_589' title='bbox 392 2707 478 2747; x_wconf 79' lang='lat' dir='ltr'>edat</span> <span class='ocrx_word' id='word_1_590' title='bbox 503 2706 751 2751; x_wconf 54' lang='lat' dir='ltr'>sententian,</span> <span class='ocrx_word' id='word_1_591' title='bbox 787 2720 851 2746; x_wconf 68' lang='lat' dir='ltr'>aut</span> <span class='ocrx_word' id='word_1_592' title='bbox 877 2722 946 2758; x_wconf 83' lang='lat' dir='ltr'>pro</span> <span class='ocrx_word' id='word_1_593' title='bbox 975 2706 1070 2755; x_wconf 73' lang='lat' dir='ltr'>perf.</span> <span class='ocrx_word' id='word_1_594' title='bbox 1098 2706 1179 2755; x_wconf 67' lang='lat' dir='ltr'>capi</span> <span class='ocrx_word' id='word_1_595' title='bbox 1208 2718 1342 2754; x_wconf 81' lang='lat' dir='ltr'>queat,</span> <span class='ocrx_word' id='word_1_596' title='bbox 1378 2720 1422 2748; x_wconf 88' lang='lat' dir='ltr'>ut</span> <span class='ocrx_word' id='word_1_597' title='bbox 1449 2708 1551 2749; x_wconf 79' lang='lat' dir='ltr'>alias,</span> 
     </span>
    </p>
   </div>
  </div>
 </body>
</html>
