1717 3082
148 83 327 131 LIBER
344 84 426 131 IV.
445 85 569 132 CAP.
582 85 658 132 IX.
682 87 804 134 A.V.
819 86 869 134 C.
897 83 1019 142 969.
1043 84 1185 134 CHR.
1197 87 1262 134 N.
1283 98 1309 130 2
1325 84 1406 135 16.
1490 97 1594 146 953

79 197 367 250 κυκλώσατο.
422 200 477 256 ὠς
518 195 567 251 δὲ
602 199 835 272 ἐτεκμῄξα-
885 220 962 251 12.
1007 208 1309 255 circumvenit.
1391 210 1458 255 Ut
1494 224 1604 256 vero

65 291 132 327 ’το
157 281 174 298 “
219 269 298 332 ἤδη
333 274 495 331 αὐτούς
531 280 635 327 εἶναι
677 274 794 328 ἔνδον
818 284 836 302 ⁰
873 280 1177 331 comesturam
1197 283 1403 330 fecitiam
1419 300 1493 331 eos
1516 279 1602 330 esse

82 352 164 399 τῶν
230 351 380 420 ὅπλων
443 354 834 422 πεξιειλημμένους,
875 360 1065 406 militum
1095 359 1273 407 suorum
1303 361 1435 406 armis
1465 360 1602 406 inclu-

85 426 163 477 καὶ
185 426 328 497 ὥςπερ
358 431 397 479 ἐν
423 423 613 483 δικτύοις
639 450 841 494 σεσαγη-
878 436 943 482 sos
985 433 1102 499 quali
1135 451 1223 500 que
1266 438 1602 491 circumretitos,

84 505 332 566 νευμὲνους,
386 502 597 555 ἐπελθών
646 505 839 565 πάντας,
878 511 1144 576 perlustratis
1196 511 1433 568 omnibus,
1510 512 1604 577 ipse

84 575 220 634 αὐτὸς
246 585 267 612 ¹³
293 579 370 645 μὲν
402 580 700 650 ὑπεξὲξχεται
731 581 838 647 μεθ’)
878 588 1057 650 quidem
1081 587 1279 635 subducit
1298 588 1338 634 se
1360 603 1461 634 cum
1480 604 1604 652 prae·

82 651 134 712 ἧς
163 657 256 717 εἶχε
285 657 483 727 φξουξᾶς
503 659 601 727 πεξὶ
631 656 786 708 ἑαυτόν
808 663 841 691 q·
881 662 1007 719 fidae,
1048 663 1170 728 quod
1193 663 1383 711 habebat
1402 665 1517 710 circa
1538 663 1604 720 se;

178 788 213 824 n)
244 787 367 833 Neque
392 787 447 819 hic
472 777 603 819 comma
633 788 698 820 fuit
729 799 789 830 per
814 788 891 820 edd.
916 798 973 820 aut
999 790 1082 822 Mss.
1112 798 1224 831 neque
1251 787 1324 830 post
1353 789 1428 826 ἠ’διι,
1454 788 1508 821 sed
1530 786 1604 830 post

84 828 186 868 ἔτεκμ.
205 831 239 863 in
259 832 339 865 Chr.
361 833 491 865 Stroth.
518 843 551 864 v.
579 832 624 866 N.
697 837 731 870 ο)
755 837 835 869 {vs-24
859 836 914 864 τὲν
939 838 964 864 ὁ.
982 835 1044 865 Ms.
1065 834 1116 865 Ba.
1135 843 1169 865 et
1189 834 1241 865 Vi.
1264 844 1298 864 v.
1319 832 1364 864 N.
1436 834 1476 878 p)
1499 836 1604 871 αὐτοῖς

84 877 173 910 Mss.
192 877 253 910 Ve.
274 886 310 910 et
327 877 382 911 Vi.
405 888 440 909 v.
459 877 509 913 N.
579 878 613 921 q)
638 884 706 924 mg>
730 881 820 912 αὖα-ὃν
838 881 904 912 Ms.
923 880 978 911 ssa.
996 889 1030 910 ν.
1049 878 1098 911 Ν.
1114 878 1170 910 sed
1194 879 1352 922 pum-“tum
1372 879 1404 911 in
1424 882 1468 912 A.
1487 879 1534 912 al.

135 984 368 1038 ἓτείιμῇςατο)
403 991 484 1040 Stp.
505 991 582 1027 Th.
606 1000 640 1039 3,
664 994 767 1039 1363.
795 992 835 1029 F.
862 1003 1006 1038 „ouum
1037 1003 1124 1027 vero
1150 989 1378 1033 coniiceret,
1413 989 1503 1038 ipsos
1530 990 1606 1029 iam

85 1037 149 1086 ff
168 1039 331 1077 militum
352 1040 498 1091 suorum
518 1042 628 1078 armis
648 1040 848 1090 conclusam
873 1054 938 1088 pro
961 1052 1036 1089 quo
1060 1044 1123 1089 ng.
1149 1054 1170 1078 e
1193 1043 1251 1083 P„
1278 1041 1316 1076 in
1348 1040 1454 1077 cuius
1477 1052 1605 1079 tamen

87 1087 156 1124 Vs.
182 1101 247 1136 per
267 1089 353 1128 edd.
374 1092 551 1139 quasdam
583 1091 663 1139 post
682 1092 781 1138 fecit
803 1103 947 1126 comma
977 1091 1048 1132 est,
1075 1102 1155 1126 non
1177 1090 1267 1126 item
1294 1090 1334 1126 in
1363 1092 1421 1126 ed.
1442 1090 1519 1126 Lat.
1541 1090 1605 1126 ina

86 1138 236 1181 Antw.,
261 1140 351 1177 dum
377 1139 457 1176 adv.
479 1142 613 1177 iterum
634 1140 806 1190 ambigue
819 1140 887 1177 stat
915 1141 1013 1176 intra
1040 1141 1115 1177 duo
1138 1152 1196 1182 v.‚
1230 1139 1380 1185 utrique
1407 1151 1473 1186 per
1506 1138 1542 1174 se
1567 1151 1606 1175 a-

88 1196 222 1236 ptum,
248 1189 351 1225 unde
371 1189 648 1227 distinffionem
670 1200 709 1226 et
737 1201 807 1239 ego
829 1189 945 1226 omisi.
997 1190 1070 1226 Sed
1092 1190 1185 1226 Mss.
1206 1189 1304 1225 aliud
1325 1188 1406 1224 adv.
1428 1188 1452 1223 s.
1475 1200 1603 1236 praep.

86 1249 110 1274 e
127 1237 238 1284 glossa
261 1238 310 1275 est
337 1240 394 1275 vel
417 1252 483 1285 per
503 1239 558 1282 se,
585 1239 635 1277 cf.
658 1241 749 1277 Hes.
775 1254 805 1281 1,
830 1244 934 1275 1262.
959 1251 1008 1274 m.
1035 1244 1147 1282 ἐντὸς,
1174 1235 1286 1279 ἔνδον,
1313 1234 1402 1279 ἔσω,
1430 1247 1469 1274 et
1498 1239 1606 1282 1476.

87 1285 114 1322 i.
135 1286 221 1330 ἔσω,
247 1293 361 1332 ἐντὸς,
385 1288 493 1330 ἔνδον,
519 1289 578 1325 vel
602 1303 665 1336 per
683 1289 1003 1337 comparationem
1023 1300 1108 1323 cum
1133 1301 1168 1330 2,
1193 1297 1248 1334 13,
1270 1299 1304 1330 9.
1321 1291 1393 1323 ἐπεὶ
1415 1290 1450 1324 δὲ
1469 1290 1608 1327 αὐτοὺς,

86 1334 196 1391 ὖξπες
223 1343 438 1383 σαγηνεύσας
467 1344 556 1379 ἐντὸς
582 1346 648 1378 τῶν
666 1337 797 1380 ὅπλων,
824 1334 1053 1384 δορυαλώτους
1081 1334 1180 1382 εἶχε,
1203 1349 1270 1384 pro
1290 1348 1368 1390 quo
1393 1335 1526 1372 Noster
1545 1347 1609 1370 va-

87 1396 159 1423 ποτ
182 1399 263 1424 tum
282 1387 321 1424 in
335 1389 423 1430 rel..
451 1401 517 1436 per
534 1387 684 1437 copiam
703 1388 909 1430 adiunffis,
939 1399 1018 1424 tum
1039 1388 1078 1423 in
1097 1400 1152 1431 pr.
1173 1388 1254 1427 ἐνὶ,
1281 1387 1346 1422 ubi
1367 1385 1499 1421 Noster
1519 1396 1606 1422 cum

87 1446 172 1484 gen.
194 1437 271 1479 rei,
299 1437 396 1486 quas!
421 1438 514 1480 loci,
545 1451 610 1486 per
632 1439 801 1487 analog...
827 1437 875 1474 cf.
898 1438 960 1474 Rs.
983 1438 1049 1473 Or.
1074 1437 1119 1474 V.
1139 1447 1171 1480 7.
1191 1437 1283 1472 Ant.
1303 1435 1363 1470 Fa.
1386 1434 1470 1471 Aes.
1489 1434 1607 1481 Soph.

87 1483 152 1522 Ai.
175 1497 211 1522 ν.
243 1496 326 1528 218.
350 1498 390 1523 et
415 1490 509 1525 Abr.
536 1490 582 1524 ad
601 1488 733 1525 Aesch.
754 1489 803 1523 T.
827 1499 857 1523 ι.
888 1485 953 1522 ubi
974 1497 1012 1523 et
1036 1497 1121 1523 cum
1147 1486 1242 1527 dat„
1264 1486 1324 1530 (ut
1351 1483 1516 1519 absolute
1537 1495 1606 1529 pro

88 1533 270 1579 inferius,
295 1536 334 1573 in
355 1537 492 1584 scripto
515 1536 539 1573 s.
567 1538 685 1579 libro,
711 1549 766 1585 ap.
786 1537 898 1584 Diog.
917 1537 974 1582 L.)
1008 1547 1071 1582 per
1097 1546 1192 1583 quae
1214 1534 1360 1569 videtur
1384 1531 1607 1571 satisfafium

88 1585 253 1628 Reddo,
278 1586 344 1634 qui
365 1597 404 1622 et
421 1586 499 1632 ipse
519 1586 559 1622 in
580 1586 732 1634 specim.
755 1585 835 1622 hist.
859 1585 947 1622 bibl.
966 1585 1070 1622 Alex.
1096 1597 1131 1633 p.
1157 1592 1210 1625 18.
1230 1584 1279 1620 N.
1301 1594 1355 1627 ¹4·
1385 1587 1474 1621 ἐντὸς
1495 1581 1608 1617 male-

90 1634 176 1674 bat3
205 1635 294 1672 dum
320 1635 381 1672 hic
405 1636 455 1671 est
472 1638 537 1684 Bg.
555 1649 576 1672 e
602 1637 641 1672 Ρ.
661 1634 834 1676 liberior,
859 1633 1023 1671 omissam
1053 1646 1175 1683 praep.
1196 1631 1392 1669 includens
1413 1631 1452 1666 in
1472 1643 1506 1667 v.
1525 1630 1606 1667 Lat.

89 1684 134 1721 ad
155 1699 230 1730 περ.
243 1710 254 1726 ,
282 1685 321 1722 in
339 1685 445 1722 cuius
464 1687 538 1722 Ms.
554 1684 668 1722 etiam
680 1685 808 1721 Leisn.
827 1685 940 1721 rubro
958 1684 1088 1721 colore
1107 1683 1245 1719 lineam
1264 1683 1416 1717 duxerat
1436 1680 1500 1716 sub
1517 1692 1606 1734 gen.

89 1730 166 1769 istis
185 1735 260 1770 mil.
272 1733 390 1791 fior„
417 1734 485 1781 qui
503 1734 589 1771 sunt
609 1734 739 1772 itidem
752 1735 823 1770 eP.
835 1747 878 1770 ex
899 1732 1101 1770 abundanti
1120 1731 1392 1780 perspicuitate,
1417 1742 1494 1765 non
1514 1740 1610 1765 rtem

89 1781 255 1820 brevitas
271 1785 334 1821 illa
353 1784 393 1821 in
411 1784 462 1832 sq.
481 1786 672 1826 membro,
700 1784 762 1821 ubi
784 1782 931 1830 copiam
951 1782 1071 1819 Nostri
1095 1781 1315 1828 peculiarem
1335 1780 1375 1814 in
1397 1778 1533 1815 iunstis
1552 1776 1610 1814 af-

88 1830 230 1869 finibus
260 1833 368 1870 subst.
387 1844 428 1870 et
447 1834 564 1871 verbo
587 1833 718 1870 saltem
745 1832 792 1868 fic
813 1833 1025 1869 imitaturus
1044 1844 1142 1869 eram
1156 1855 1167 1871 ,
1193 1841 1228 1866 et
1253 1827 1348 1878 quali
1372 1827 1565 1865 verriculis
1581 1825 1608 1863 s.

89 1881 221 1930 sagena
247 1884 534 1925 circumretitos,
560 1883 884 1923 circumvallatos,
910 1881 1225 1928 circumscriptos,
1252 1878 1298 1914 cf.
1317 1879 1363 1915 G.
1384 1877 1454 1912 Th.
1474 1889 1509 1912 v.
1522 1876 1606 1926 sag.

90 1943 131 1968 et
151 1933 354 1971 circumree.
369 1959 379 1975 ‚
409 1934 511 1979 quod
533 1933 645 1969 etiam
665 1945 751 1970 cum
777 1931 877 1968 affini
897 1932 1068 1980 indagine
1093 1939 1212 1967 tenet.
1261 1926 1438 1973 Denique
1457 1924 1610 1973 oppres-

89 1979 134 2018 sit
151 1983 191 2018 Ρ.
213 1981 385 2020 ultimam
403 1982 527 2020 Nostri
548 1983 696 2031 copiam
721 1980 761 2018 in
785 1981 949 2029 repetito
975 1993 1011 2016 v·
1032 1980 1148 2020 ἐτελθ.
1165 1994 1203 2016 π.
1221 1991 1242 2014 e
1260 1977 1338 2026 §.9
1360 1975 1440 2024 post
1455 1976 1551 2014 ἔπιιῦν
1571 1972 1606 2022 §.

88 2041 146 2079 pr.
165 2031 212 2068 ad
234 2030 464 2070 variandum.

139 2088 258 2135 αὖτᾷς)
292 2086 390 2124 Ven.
410 2085 545 2123 vitiose
574 2088 703 2129 αὐτοῖς.
727 2085 865 2124 Stroth.
899 2098 921 2121 e
948 2080 1111 2120 confufis
1133 2097 1150 2119 ο
1171 2090 1211 2117 et
1239 2096 1293 2121 οι,
1331 2088 1439 2119 cum,
1465 2085 1611 2132 praeter

91 2136 168 2175 Ms.
195 2140 275 2179 Ba,
301 2135 423 2173 servet
449 2148 601 2183 quoque
632 2138 669 2173 P.
691 2133 989 2173 nominativum,
1015 2144 1095 2169 non
1126 2142 1191 2176 per
1218 2129 1255 2165 se
1281 2140 1368 2164 cum
1389 2137 1497 2163 tertia
1517 2123 1609 2173 peri]

92 2187 198 2224 verbi
223 2185 485 2228 necessarium,
513 2184 580 2221 nifi
600 2186 726 2233 quoad
755 2183 805 2221 est
831 2183 871 2220 in
893 2180 1074 2230 oppositis
1108 2179 1142 2227 β.
1159 2178 1212 2226 sq·
1239 2184 1271 2214 οἱ
1295 2193 1415 2232 ‹reas-2
1444 2187 1526 2212 110ss
1547 2184 1612 2210 me

93 2237 247 2282 quidem
278 2235 492 2283 reperiente
513 2247 596 2271 cum
627 2248 662 2270 v.
687 2234 747 2271 ὄπ.
769 2235 843 2271 dat.
863 2233 981 2279 pers„
1007 2227 1090 2274 (etfi
1109 2225 1322 2265 conceffuro
1351 2225 1457 2261 nuum
1479 2237 1543 2271 per
1572 2222 1611 2260 se

94 2299 139 2323 ex
158 2285 300 2333 analog.
320 2283 421 2321 istius
439 2284 517 2332 syn.
535 2283 765 2331 ὖπεξίςασθαιι
778 2309 789 2326 ,
816 2281 863 2318 cf.
884 2283 978 2318 Xen.
1001 2280 1043 2316 Z.
1064 2278 1140 2315 Pol.
1159 2288 1197 2313 et
1219 2277 1310 2312 Plut.
1329 2275 1439 2328 rog.)-
1453 2285 1524 2309 nec
1542 2283 1610 2320 per

93 2335 297 2372 notionem
323 2332 508 2383 P.stat1·m
524 2353 564 2361 -—
583 2331 745 2379 exceffit,
771 2344 881 2381 quam
913 2340 953 2366 et
981 2326 1142 2365 deseruit
1169 2325 1252 2362 Sch.
1284 2325 1461 2378 „excedit
1488 2323 1611 2360 clam“

94 2396 206 2432 quam
230 2384 274 2420 ad
292 2383 367 2420 vim
381 2407 393 2425 ‚
424 2396 502 2419 non
528 2386 760 2431 negandam,
786 2381 850 2419 ubi
870 2379 1035 2416 absolute
1056 2377 1144 2416 stat.
1172 2386 1214 2411 ut
1237 2374 1272 2410 h.
1291 2375 1339 2415 1.,
1367 2372 1466 2408 redrt
1485 2382 1523 2407 et
1544 2373 1609 2417 Bg.

94 2434 277 2475 formula,
307 2433 352 2468 ab
372 2432 452 2468 aliis
471 2444 624 2480 quoque
652 2431 816 2468 adhibita
829 2457 840 2473 ,
867 2429 915 2465 cf.
940 2426 1020 2463 lnd.
1038 2427 1150 2461 Dem.
1171 2435 1211 2460 et
1225 2424 1330 2464 Luc„
1349 2421 1408 2457 sed
1429 2419 1506 2456 fine
1524 2419 1609 2456 lud.

94 2485 218 2523 Thuc.
243 2488 324 2523 ¹86,
343 2485 403 2527 64.
429 2490 512 2524 282,
530 2495 586 2526 μ.
613 2493 699 2521 cum
717 2480 764 2518 N.
780 2505 791 2521 ,
819 2484 903 2523 416,
923 2488 980 2522 50.
1005 2476 1159 2529 546276.
1180 2484 1266 2509 curn
1277 2471 1449 2531 AbntDl.
1468 2482 1502 2516 p.
1525 2478 1609 2531 305.

95 2544 131 2572 e.
152 2532 193 2568 it.
209 2531 294 2569 Zos.
319 2543 350 2572 ι,
372 2543 431 2574 20,
452 2541 484 2578 3.
511 2531 572 2567 sed
591 2532 704 2577 Excp.
727 2541 785 2576 ap.
806 2528 909 2564 Suid.
933 2537 964 2567 1,
984 2534 1066 2570 234.
1087 2537 1112 2559 1.
1135 2525 1272 2568 ςιχηδόν
1297 2524 1333 2561 δὲ
1363 2526 1493 2561 &orac
1522 2523 1610 2561 ἔδων,

94 2585 196 2623 αὐτὸς
216 2587 276 2625 μὲν
301 2583 459 2627 ἐξῆλθεν,
489 2586 639 2626 ἐπαφῆκε
659 2583 695 2617 δὲ
716 2584 795 2618 τοὺς
819 2572 1019 2622 rem-mirac.

147 2635 247 2682 εἶχε)
273 2635 422 2672 Schorti
446 2636 518 2670 Ms.
544 2636 682 2681 εἴχετο,
706 2632 808 2680 quod
829 2632 868 2667 in
898 2630 965 2665 hac
987 2623 1256 2675 fignificatione
1283 2622 1408 2662 minus
1435 2619 1613 2658 ufitatum

96 2686 158 2725 est.
177 2686 269 2733 bfylb.
321 2686 393 2722 Ms.
416 2684 562 2721 Schotti
586 2684 700 2728 εἴχετο
728 2691 934 2728 perperam.
965 2676 1102 2732 Qtrotb.

124 2743 140 2751 “’
187 2736 339 2782 Nempe
366 2733 531 2771 insolens
557 2733 651 2770 illud
677 2729 761 2780 paff.
783 2732 807 2769 s.
830 2728 929 2765 med.
951 2727 1014 2764 hic
1031 2737 1053 2763 e
1078 2733 1288 2765 contextu.
1313 2732 1394 2760 non
1414 2719 1539 2769 quoad
1557 2730 1616 2758 ca-
