1722 3086
99 135 213 187 950
292 125 467 172 LIBER
488 125 569 173 IV.
596 127 815 176 CARIX.
839 130 1031 178 A.V.C.
1050 125 1173 188 969.
1200 130 1566 179 CHR.N.216.

102 259 243 293 καςον
277 236 369 312 &gn
420 242 519 297 πῶς
551 261 600 291 τε
630 247 648 267 ²
689 242 867 299 ἡλικίας
907 248 1092 298 lustrans
1134 267 1506 317 unumquemque
1536 270 1642 303 con-

101 318 196 378 ἕχοι
249 318 326 366 καὶ
376 318 607 384 μεγέθους
651 317 869 386 σώματος
906 324 1125 385 sideraret,
1161 344 1251 392 qua
1272 338 1409 376 aetate
1431 326 1483 376 fit
1502 340 1548 378 el:
1566 329 1645 378 sta-

102 392 183 445 κοιὶ
208 393 412 462 εὐεξίας,
458 399 516 451 εἰς
544 398 755 466 &emesam
780 400 870 446 ἐπι-
907 413 1010 450 tura
1052 422 1101 453 ae
1144 404 1406 452 habitudine
1440 408 1644 473 corporis

99 465 289 528 τηδείόυ.
346 470 549 527 ταύταις(
584 475 727 523 αὐτοῦ
768 480 871 529 ταῖς
921 495 1001 531 ιο.
1034 482 1090 529 ad
1123 482 1304 530 militiae
1341 481 1482 533 usum.
1557 484 1646 532 His

193 584 225 621 e)
251 583 320 620 Ms.
341 582 396 616 Ba.
421 585 482 620 πῦς
502 590 536 621 v}
561 585 605 619 cf.
626 594 662 630 4,
682 590 717 623 8,
737 585 791 620 16.

105 695 215 745 supra
250 696 473 746 aliquoties,
510 697 559 735 cf.
594 712 629 743 4,
650 710 681 746 ς,
705 711 756 745 ς.,
802 701 908 750 quod
934 711 973 738 et
1004 699 1066 738 hic
1097 700 1226 739 locum
1257 700 1392 744 habet,
1426 698 1453 737 fi
1482 699 1563 748 post
1590 697 1645 741 ἐκ.

102 747 206 786 idem
225 745 334 783 facias
349 771 358 787 ‚
386 748 449 784 ubi
471 759 510 784 et
532 747 573 784 fit
597 748 635 786 in
655 752 735 798 Stp.
757 750 802 787 al.
858 751 930 788 Sed
951 763 1066 798 quum
1091 750 1142 788 ibi
1174 752 1248 788 Ms.
1281 751 1431 788 nullum
1455 749 1645 798 posuerit:

104 796 278 834 librarius
297 797 351 835 nil
377 796 522 834 secutus
541 798 679 843 fuerit,
704 799 770 837 nifi
792 813 935 838 morem
956 801 1076 839 suum.
1132 801 1209 848 Qi
1232 800 1398 838 editores
1420 800 1499 848 post
1520 803 1645 839 ἐπελθ.

105 846 268 883 statuere
290 858 451 888 comma,
475 847 521 884 iis
545 861 641 896 opus
661 862 739 887 erar
758 850 932 899 supplere
952 864 1059 900 pron.
1077 854 1204 893 αὐτοὺς
1224 863 1309 896 epr.
1331 851 1518 893 membro.
1540 851 1647 899 quod

106 907 148 933 et
168 895 304 933 d'zserte
324 899 385 946 ssg.
406 897 539 940 refert,
566 901 708 936 nullam
733 900 771 937 in
794 903 863 939 Ms.
887 902 954 940 suo
976 901 1119 939 addens
1139 900 1414 941 distinffionem
1441 911 1506 948 per
1525 899 1651 948 regio·

104 957 193 982 nem
219 948 333 990 hanc,
366 948 428 984 ubi
453 959 492 984 et
509 961 578 998 ego
602 948 697 986 nihil
722 950 903 998 ponendo
931 951 1085 991 liberam
1116 950 1263 999 permifi
1297 949 1527 992 reffionem,
1551 950 1649 989 nihil

108 996 222 1033 etiam
244 996 450 1035 dirimente
473 999 534 1038 P..
561 997 651 1037 dum
674 1000 798 1038 omifit
817 1015 850 1038 v.
872 1006 950 1042 im,
979 1013 1056 1049 quo
1078 1000 1125 1038 de
1146 1000 1181 1039 vi
1204 1001 1343 1041 iterum
1366 999 1518 1037 militari
1546 998 1597 1037 cf.
1617 1011 1649 1049 3,

108 1057 167 1087 10,
192 1059 224 1082 2.
276 1046 350 1083 Sed
372 1047 509 1084 deinde
530 1050 604 1086 Ms.
628 1050 723 1088 alius
747 1053 904 1091 modus,
931 1061 1012 1096 opt.
1038 1063 1108 1098 pro
1131 1051 1260 1092 coni.,
1287 1051 1400 1088 habet
1431 1062 1558 1097 parem
1585 1063 1648 1087 ra-

106 1095 255 1134 tionem
275 1109 360 1135 cum
387 1099 572 1135 contraria
593 1101 805 1138 mutatione
826 1098 1061 1139 coniunstivi
1093 1101 1133 1138 in
1154 1099 1366 1149 optativum
1381 1125 1393 1143 ,
1418 1098 1460 1136 in
1482 1101 1558 1136 Ms.
1581 1101 1650 1137 ob.

105 1145 164 1182 via
189 1147 306 1195 supra,
336 1145 386 1183 cf.
410 1157 442 1194 3,
466 1161 520 1191 12,
535 1154 568 1185 6.
588 1163 618 1186 e.
634 1176 644 1193 ‚
667 1163 738 1186 nec
759 1151 819 1187 bic
838 1151 1013 1189 edicente
1034 1150 1127 1187 certi
1148 1151 1240 1199 quid
1261 1151 1299 1186 P.
1316 1163 1379 1198 per
1398 1149 1508 1198 irnpf.
1527 1149 1648 1193 coni..

107 1198 213 1242 quod
240 1195 388 1232 servans
413 1201 496 1246 Eg„
523 1200 834 1239 eonsecutionem
857 1213 1072 1248 temporum
1093 1201 1171 1237 Lat.
1198 1199 1317 1237 violat
1336 1199 1417 1248 post
1444 1198 1558 1248 praes.
1575 1211 1650 1238 κελ.

107 1257 147 1283 et
169 1258 323 1294 quoque
341 1247 422 1295 post
441 1248 545 1296 impf.
569 1250 645 1286 hoc
668 1263 734 1298 per
755 1250 867 1298 praes.
889 1252 934 1288 ad
953 1251 1004 1299 sq.
1024 1262 1105 1298 opt.
1129 1248 1232 1297 ἔχοι.
1257 1263 1278 1287 e
1297 1262 1373 1299 quo
1391 1249 1518 1288 forsan
1540 1250 1652 1288 libra-

106 1295 183 1334 riu<
205 1296 369 1344 priorem
391 1299 492 1335 coni.
515 1299 701 1340 tentavit,
729 1311 771 1337 ut
790 1312 909 1337 unum
928 1300 1084 1338 modum
1107 1310 1278 1342 teneret,
1310 1311 1396 1337 cum
1423 1298 1532 1347 saepe
1557 1312 1652 1337 con-

109 1356 264 1382 currant
291 1344 424 1383 diverti
451 1348 647 1387 verborum
680 1350 808 1393 modi,
837 1362 901 1397 per
929 1351 1148 1400 enallagen,
1177 1362 1394 1399 quanquam
1423 1361 1496 1388 nec
1524 1349 1650 1398 lapsus

108 1394 151 1433 in
177 1394 232 1433 iiis
260 1396 395 1432 nostris
417 1399 609 1435 vocalibus
633 1398 906 1446 improbabilis.
936 1401 942 1405 ”
1602 1436 1606 1443 ,

159 1452 229 1487 πῶς
251 1446 308 1493 τε)
337 1446 362 1483 i.
382 1461 415 1486 e.
447 1455 516 1487 πῶς
538 1448 661 1488 ἑαυτὸν
684 1457 759 1497 περὶ
782 1458 843 1492 τῆς
864 1455 915 1492 ἧλ.
938 1445 1038 1495 ἔχοι»
1064 1462 1100 1485 V·
1130 1450 1380 1497 HOOgeveen·
1413 1461 1451 1498 P·
1474 1457 1556 1494 193·
1587 1447 1649 1495 (ad

111 1493 201 1542 vig.
222 1496 272 1533 N.
298 1500 357 1540 76.
380 1496 403 1532 s.
427 1499 486 1534 ed.
509 1499 550 1536 Z.
573 1512 608 1546 p.
633 1511 716 1546 242.
736 1500 786 1536 N.
812 1500 884 1546 55.)
933 1500 1051 1536 Paulo
1073 1497 1180 1536 aliter
1209 1499 1290 1535 Bos.
1313 1512 1350 1547 p.
1373 1510 1456 1544 250.
1479 1499 1566 1546 (1:11.
1589 1499 1650 1537 ed·
1681 1517 1692 1531 ι

110 1545 234 1582 δεῇ-κα.
254 1558 290 1593 p.
314 1556 398 1593 370.
422 1548 488 1587 m.)
510 1548 586 1585 scil.
605 1557 674 1592 πῶς
699 1554 740 1586 τὸ
762 1558 886 1596 χρῆμα
906 1557 967 1593 τῆς
991 1554 1080 1593 ἧλικ.
1107 1548 1213 1588 ἑαυτὸ
1233 1545 1326 1594 ἔχοι.
1356 1548 1475 1587 Ζιθὶιῑῆ·
1500 1549 1573 1587 int·
1602 1548 1651 1588 ad

113 1595 305 1646 genitivos
324 1605 399 1644 περὶ
419 1596 442 1634 s.
463 1596 572 1636 ἕνεκκ.
601 1599 739 1635 Stroth.

215 1643 275 1683 Cf.
311 1658 341 1689 1,
360 1659 393 1690 7,
412 1659 445 1690 7.
469 1659 508 1684 et
535 1648 656 1684 Schw.
678 1648 722 1685 ad
743 1647 862 1686 Onos.
892 1662 928 1698 p.
949 1660 1006 1687 20.
1031 1649 1082 1686 N.
1101 1651 1158 1697 36.
1188 1647 1252 1686 sed
1276 1660 1331 1695 ap.
1355 1647 1440 1685 Ael.
1465 1647 1512 1685 V.
1532 1648 1569 1684 h.
1592 1659 1654 1692 12,

117 1706 151 1732 ¹·
171 1708 208 1743 P-
227 1706 311 1740 7¹7·
329 1709 362 1734 e·
389 1701 580 1744 ἂςκεέντως
607 1702 776 1744 μεγέθους
804 1695 908 1744 ἕχον,
935 1711 1020 1737 cum
1041 1700 1091 1736 N.
1115 1709 1187 1747 37.,
1212 1710 1293 1735 turn
1315 1697 1405 1734 hinc
1423 1695 1500 1734 fine
1517 1697 1584 1734 Vs.
1605 1697 1654 1739 ad

113 1747 209 1784 Luc.
232 1757 268 1786 2,
301 1757 383 1791 552.
410 1748 458 1784 Ν.
481 1756 539 1787 80.
571 1747 632 1785 sed
660 1749 712 1785 ib.
737 1761 768 1791 ι,
790 1760 872 1796 723.
892 1751 917 1786 l.
939 1762 972 1787 2.
1002 1755 1124 1797 πεῖραν
1156 1751 1263 1787 αὐτοῦ
1291 1751 1422 1788 διδοῦσι
1456 1744 1544 1789 ἴσως
1574 1744 1653 1794 ἔχει

112 1801 237 1838 'ts-tw:
258 1808 293 1833 a.
322 1798 440 1846 qualis
461 1796 504 1833 fit
516 1798 610 1847 fide,
639 1799 683 1836 ad
703 1810 813 1846 quam
841 1799 987 1849 analog.
1009 1800 1146 1837 Noster
1169 1812 1234 1845 per
1256 1797 1338 1847 syn.
1366 1798 1549 1845 interrog.
1576 1796 1651 1834 fin·

113 1846 172 1883 xit
192 1845 395 1883 formulam
411 1871 422 1888 ‚
447 1860 515 1894 pro
538 1848 737 1885 liberrimis
755 1849 795 1884 Ρ.
819 1848 1004 1887 redditam
1032 1862 1052 1886 a
1076 1852 1138 1899 Bg.
1159 1848 1229 1889 fic,
1259 1859 1301 1885 ut
1320 1857 1483 1885 mutaret
1503 1857 1588 1895 gen.
1609 1847 1653 1889 in

113 1895 187 1932 abl.
203 1921 214 1938 ,
242 1895 305 1932 sed
328 1897 372 1932 ad
401 1897 520 1935 casum
544 1899 647 1936 hunc
668 1898 972 1938 accommodaret
1001 1911 1112 1947 pron.
1140 1899 1252 1936 affine
1269 1922 1280 1939 0
1302 1896 1468 1937 sumtum
1489 1909 1557 1946 pro
1582 1898 1652 1937 Gr.

115 1945 222 1987 adv„
248 1958 335 1985 cum
361 1947 446 1983 sch.
467 1946 544 1984 fere
565 1947 606 1984 in
635 1960 668 1984 v.
691 1954 779 1995 ,,ἐχ.
801 1961 870 1997 qua
898 1947 984 1987 ess'et
1003 1958 1140 1990 aetate,
1167 1947 1303 1994 (sedin
1323 1950 1378 1994 π.)
1404 1948 1569 1995 quomodo
1593 1959 1657 1985 ae·

114 2006 196 2033 tate
222 1994 400 2034 haberem
421 1996 446 2034 s.
463 1996 502 2046 se
523 1998 693 2041 haberet,
727 1998 788 2037 scd
811 2009 852 2035 ut
881 1997 920 2035 in
941 2000 1014 2037 hoc
1033 2011 1068 2034 v.
1095 2001 1143 2035 G.
1163 1999 1239 2036 Th.
1269 2007 1352 2033 non·
1383 2007 1511 2033 teneat
1537 1997 1655 2037 talem

116 2045 188 2081 abl.
203 2069 214 2088 ,
243 2044 333 2083 dum
355 2049 419 2096 Bg.
441 2059 462 2084 e
485 2048 524 2084 P.
545 2047 726 2085 transfert
742 2060 828 2097 gen.
847 2064 933 2093 σωμ.
953 2049 998 2085 ad
1020 2047 1072 2097 sq.
1092 2047 1222 2091 subst.,
1247 2048 1336 2096 quia
1359 2056 1398 2084 et
1415 2046 1504 2084 alias
1521 2045 1567 2086 fic
1587 2059 1658 2095 po·

115 2093 223 2131 nitur
243 2105 327 2144 gen.
349 2096 449 2133 intra
470 2097 547 2134 duo
567 2096 695 2141 subst,
722 2109 766 2136 ut
786 2097 832 2136 ad
859 2099 968 2145 postr.
993 2110 1146 2147 quoque
1181 2097 1389 2146 pertineat,
1412 2096 1460 2133 cf.
1479 2110 1516 2143 4,
1539 2109 1573 2138 2,
1595 2108 1657 2134 21.

117 2140 272 2188 πλήθους
287 2169 297 2188 ,
324 2156 364 2183 et
384 2146 520 2184 diserte
537 2146 636 2184 infra
660 2150 695 2189 6,
717 2157 749 2195 3,
773 2161 806 2185 ς’..
827 2146 875 2185 fic
898 2148 1118 2196 copulatur,
1144 2152 1178 2189 ἐς
1198 2153 1259 2190 τὴν
1281 2151 1419 2193 ςςατιόιν
1441 2145 1654 2194 astyagem.

118 2190 191 2235 ὅσοι
220 2195 378 2240 σώματος
396 2200 509 2244 εὐεξίᾳ
538 2197 594 2242 xor}
621 2202 751 2241 ἧλικέκς
769 2199 864 2245 ἀκμῇ
892 2203 937 2240 εἷς
956 2205 1073 2244 μάχην
1090 2196 1270 2241 ἐπιτήδειοι
1295 2198 1508 2244 ἐνομίζοντο,
1538 2196 1655 2234 etiam

119 2256 179 2292 ep.
202 2243 315 2288 alios,
340 2257 438 2294 quos
458 2246 597 2283 deinde
616 2247 794 2290 subiicio,
822 2249 1043 2298 intelligens
1064 2247 1291 2285 extrinsecus
1309 2246 1380 2282 adi.
1401 2254 1519 2289 λοιπῆς
1542 2245 1567 2282 s.
1589 2241 1657 2285 ἅλν

118 2307 203 2337 λης,
237 2297 287 2333 ob
314 2295 387 2332 iam
419 2295 608 2343 praemissa
637 2296 739 2340 duo,
762 2299 881 2345 quoad
909 2298 1097 2346 reliquum
1127 2297 1288 2346 corporis
1321 2295 1492 2332 habitum
1519 2295 1657 2339 bonum,

120 2343 243 2393 (quod
264 2345 335 2383 adi.
361 2348 424 2394 Bg.
445 2359 465 2383 e
488 2347 527 2382 P.
550 2345 716 2384 omiserit
734 2349 783 2383 ob
803 2347 854 2396 sq.
881 2347 953 2386 adi.
975 2352 1051 2391 ἐπι,
1078 2347 1181 2385 forte
1202 2346 1277 2385 fine
1308 2343 1552 2389 necestitate.)
1574 2357 1655 2383 tum

121 2393 272 2441 capiens
292 2398 380 2442 εὕεξ.
401 2396 446 2432 de
465 2395 632 2438 sanitate,
663 2396 687 2432 i.
706 2396 872 2437 absentia
893 2398 1128 2439 morborum,
1158 2397 1200 2434 it.
1223 2395 1268 2433 de
1289 2394 1422 2432 robore
1439 2407 1482 2431 ac
1501 2394 1659 2439 viribus,

121 2443 291 2493 denique
314 2447 361 2482 de
389 2444 611 2494 integritate
640 2448 892 2484 membrorum
925 2459 1039 2494 atque
1059 2446 1221 2484 absentia
1240 2445 1422 2483 vitiorum
1441 2444 1658 2486 defestuum

121 2505 220 2540 que,
248 2494 469 2542 gibborum,
497 2494 712 2533 strumarum
726 2521 736 2537 ,
765 2497 830 2533 rel.
845 2521 855 2537 ‚
883 2495 933 2532 cf.
954 2497 1058 2534 Suid.
1077 2499 1171 2534 Hes.
1201 2508 1287 2532 cum
1309 2495 1359 2531 N.
1378 2495 1460 2532 Ind.
1482 2496 1545 2531 Sb.
1566 2497 1658 2535 Luc.

120 2544 220 2583 Xen.
238 2545 435 2587 Z.''Bac-h.,
464 2545 528 2584 ubi
547 2544 787 2595 distinguitur
810 2542 924 2593 ῥώμη,
950 2548 1006 2584 M.
1026 2548 1065 2583 S.
1088 2557 1127 2583 et
1152 2546 1231 2583 Pol.
1254 2543 1319 2581 ubi
1342 2545 1424 2582 Lac.
1451 2556 1488 2590 7,
1511 2555 1542 2593 3.
1573 2557 1660 2582 cum
1703 2572 1709 2577 -

125 2605 210 2642 gen.
239 2609 345 2639 σωμ,
373 2606 416 2631 nt
436 2605 475 2631 et
501 2607 558 2641 ap.
579 2595 677 2631 Phil.
708 2608 745 2644 p.
768 2600 851 2642 763.
876 2597 916 2632 E.
941 2610 974 2633 e.
1004 2596 1042 2633 it.
1067 2609 1124 2645 ap.
1145 2595 1186 2632 ls.
1208 2595 1300 2631 Mor.
1329 2595 1419 2630 Pan.
1443 2593 1529 2631 init.
1549 2606 1588 2631 et
1612 2595 1659 2636 ad

124 2642 243 2682 Diod.
265 2646 300 2680 S.
325 2656 359 2687 2,
384 2649 464 2682 116.
488 2645 535 2681 N.
561 2655 615 2691 13.
635 2658 721 2682 cum
744 2646 879 2693 Carpz.
904 2646 1025 2692 parad.
1047 2660 1083 2694 p.
1102 2658 1187 2691 472·
1209 2645 1260 2693 sq.
1281 2655 1319 2680 et
1339 2645 1469 2685 Foes„
1497 2645 1660 2682 severio-

124 2705 205 2729 rem
225 2695 263 2731 P.
283 2696 321 2731 in
343 2695 394 2742 sq.
413 2699 458 2739 εἰς
480 2710 532 2740 s-q-
556 2699 610 2732 ἐπ’.
632 2695 826 2733 deserente
853 2695 1041 2734 liberrime
1059 2698 1118 2745 ssg.
1132 2720 1144 2738 ,
1172 2695 1238 2732 ubi
1262 2693 1392 2736 licuit,
1421 2695 1546 2733 habitu
1572 2706 1661 2731 cor-

127 2744 252 2793 poris,
280 2746 332 2780 ad
347 2743 520 2781 militiam
552 2753 648 2792 apto.

171 2797 332 2839 ταύταις)
360 2795 432 2832 Pro
455 2795 493 2831 P.
516 2792 635 2831 libero
652 2792 817 2833 severior
839 2795 906 2845 Bg.
934 2803 1064 2832 tamen
1087 2792 1236 2832 omittit
1264 2792 1422 2831 alterum
1447 2804 1581 2842 pron„
1605 2806 1666 2832 re-
