1717 3082
108 112 285 160 LIBER
309 114 363 159 11.
397 112 615 159 CARVI.
661 111 716 156 A.
732 110 789 156 v,
813 107 1009 166 (2946.
1051 107 1415 163 cHR.N.193.
1463 108 1560 155 181

32 233 122 286 εἰςΖ
146 228 198 278 ‘wx
222 222 502 290 ἐκδικηθῆνοᾳ
526 224 598 276 τᾶν
623 225 780 274 ἐκείνου
817 229 871 277 ad
910 227 1203 277 ulciscendam
1237 226 1440 283 caedem;
1492 241 1567 274 ve-

31 304 209 371 Q5V02'a·
248 302 467 359 καθέντες
483 297 529 353 δὲ
550 303 778 367 κλίμακα)
827 336 906 379 14.
943 340 1047 370 rum
1093 318 1279 368 demiffis
1321 319 1441 368 scalis
1487 321 1567 366 Iu-

30 380 104 434 τόν
146 380 376 432 huyum&
418 384 493 432 ἐπὶ
530 378 581 429 τό
623 385 773 440 τεῖχος
814 419 935 466 liano
978 415 1196 464 ascensum
1272 413 1548 461 raebuerunt

32 458 320 521 ἀνεβίβασαν
345 458 381 508 b.
457 458 506 506 οὐ
542 452 639 525 γοὶς
672 452 778 524 πςᾶ-
1237 431 1268 480 P
1550 449 1563 461 '

32 557 146 606 ...ἷξον
169 534 345 604 ἀνοῖξαι
382 532 470 588 τοὶς
493 531 651 588 πύλας
678 530 779 590 ἥθε-
817 524 949 584 (Non
973 522 1092 568 enim
1113 519 1239 585 prius
1263 518 1437 583 aperire
1458 532 1565 583 por·

29 708 53 746 B
119 669 150 705 2)
175 670 204 743 f:
224 667 312 743 Lu}
330 675 364 698 v.
383 666 432 699 N.
504 668 536 705 a)
561 664 677 698 Colon
701 663 757 697 hic
785 664 818 696 in
840 664 902 697 Lu.
931 670 969 695 et
988 663 1063 696 Pat.
1087 671 1163 695 cum
1188 660 1254 694 Ms.
1279 660 1336 702 eg.
1407 658 1442 698 b>
1466 661 1560 698 ἆνιβ.

57 723 84 745 S·
105 721 136 746 1·
154 722 172 744 a
190 735 198 745 .
223 722 259 743 V·
317 733 327 743 ι

27 826 139 863 Dem.
157 836 243 870 705,
266 833 297 871 3.
328 819 412 867 ἧν·-
429 825 713 870 κατασκενασμδς
734 822 817 870 ὑπὲρ
836 824 900 860 τοῦ
919 824 1038 861 λαθεῖν
1058 817 1157 859 τᾶνδε
1175 817 1233 857 τᾶν
1253 817 1349 862 νόμον
1369 828 1401 855 λ.
1413 841 1425 860 ,
1448 815 1498 854 cf.
1513 815 1564 855 ad

28 878 99 914 δολ.
119 875 197 912 lnd.
218 876 330 911 Hom.
355 874 443 913 Hes.
462 875 579 922 Soph.
597 875 657 911 Ai.
682 874 796 911 Phoc.
818 874 992 921 Theogn.
1015 871 1131 907 Dion.
1157 871 1209 906 H.
1231 873 1266 907 S.
1287 870 1335 904 T.
1354 879 1383 904 ι.
1408 877 1448 903 et
1468 868 1560 904 Luc.

79 928 159 964 καθ.
184 926 242 970 τέ)
266 926 336 961 Pro
358 929 393 963 δὲ
418 926 497 961 ΡοΙ.
522 927 558 967 δὴ
577 922 682 972 legit.
705 924 798 971 Sylb.
829 934 915 958 cum
937 920 1144 958 reddiderit
1170 931 1279 968 ergo,
1311 929 1356 956 ut
1384 915 1472 953 alibi
1494 929 1563 965 per

27 974 106 1023 syn.
121 999 132 1017 ,
159 974 224 1010 nifi
243 974 361 1012 libere
382 974 483 1023 egit,
507 985 595 1010 curn
617 975 708 1010 Mss.
723 972 964 1010 consentiant
985 971 1025 1007 in
1038 970 1160 1018 vulg.,
1186 967 1302 1018 quod,
1322 967 1506 1004 servatum
1518 977 1560 1003 et

29 1027 123 1072 aBg.
138 1049 149 1066 ,
177 1022 340 1061 refertur
354 1023 508 1071 proprio
530 1022 636 1060 sensu
662 1022 876 1060 adversandi
899 1032 937 1057 et
956 1019 1177 1068 opponendi
1199 1019 1244 1054 ad
1269 1015 1302 1063 §.
1328 1030 1380 1065 pr.
1401 1021 1484 1061 μὲν,
1519 1026 1562 1053 et

28 1074 75 1110 ad
95 1074 147 1120 sq.
167 1071 326 1111 membri
348 1073 405 1111 τὲν
426 1074 547 1113 ’lotum
576 1073 614 1109 in
632 1091 661 1112 κ.
681 1086 735 1111 na.
752 1073 943 1109 retinente
964 1072 1026 1119 Bg.
1058 1082 1078 1105 e
1097 1069 1135 1106 P.
1158 1068 1318 1104 formam
1339 1065 1442 1115 pass'...
1468 1065 1562 1102 dum

28 1124 113 1160 Sch.
126 1123 167 1160 in
184 1136 219 1162 v,
247 1135 382 1171 „quum
393 1122 769 1171 demisissentscalaffl
796 1122 875 1159 fere
887 1131 928 1157 ut
943 1122 1023 1168 Stp.
1035 1119 1112 1156 Th.
1138 1131 1203 1167 mq.
1224 1119 1270 1154 sc.
1281 1120 1369 1153 dem.
1385 1129 1405 1152 e
1417 1120 1562 1153 rnur0“

26 1186 108 1210 non
130 1173 228 1209 male
247 1172 446 1220 supplem,
480 1172 546 1210 ubi
570 1173 703 1210 Noster
729 1171 844 1209 modo
864 1170 907 1207 ad
929 1170 1077 1219 analog.
1093 1194 1104 1212 ,
1141 1169 1189 1205 cf.
1212 1166 1358 1216 physice
1379 1167 1425 1203 de
1447 1163 1560 1214 pers..

0 1215 2 1268 i
27 1223 199 1260 absolute
219 1222 324 1260 Suid.
349 1235 384 1265 2,
403 1235 483 1260 221.
504 1221 529 1259 i.
558 1225 748 1266 καθέντες,
791 1216 1075 1265 καταγαγόντες,
1119 1218 1185 1267 qui
1211 1215 1448 1264 demiserunt,
1483 1213 1562 1252 fine

26 1270 148 1321 χρήσει
166 1272 269 1310 forte
289 1272 362 1309 huc
381 1271 603 1320 respiciens,
629 1285 713 1310 cum
734 1285 820 1308 mox
837 1272 889 1320 sq.
912 1270 953 1307 it.
977 1283 1026 1306 m.
1050 1281 1089 1307 et
1108 1267 1207 1317 p.sq.
1232 1281 1278 1304 m.
1291 1267 1343 1314 sq.
1361 1269 1456 1313 (non
1471 1263 1560 1301 coll.

28 1324 73 1359 ad
87 1322 215 1359 omnia
227 1320 359 1364 Hes-2,
374 1333 455 1370 103.
475 1335 514 1360 et
527 1335 561 1371 p.
573 1322 626 1371 sq.
642 1322 681 1369 i.)
701 1321 763 1359 sed
780 1334 862 1358 cum
885 1333 960 1357 acc.
984 1318 1037 1356 rei
1060 1332 1095 1367 p.
1109 1331 1190 1355 221.
1212 1331 1261 1355 m.
1294 1318 1384 1353 Abr.
1403 1315 1465 1351 Di.
1484 1314 1560 1350 Th.

26 1373 124 1410 Xen.
142 1372 235 1416 ’Aua
255 1374 343 1409 Luc.
359 1384 391 1416 1,
411 1376 496 1408 616.
519 1373 613 1419 l.48.
633 1372 694 1410 sed
716 1372 818 1409 fimat
840 1384 923 1408 curn
943 1382 999 1418 pr.
1023 1375 1067 1412 εἰς
1088 1367 1192 1405 suid.
1214 1369 1240 1404 Ι.
1262 1367 1287 1405 Ι.
1302 1380 1334 1403 e.
1359 1365 1475 1413 Soph.
1495 1361 1559 1401 Αἰ.

25 1423 112 1460 Fab.
131 1423 235 1465 Aes„
271 1435 355 1459 cum
377 1427 431 1460 ἐπὶ
452 1422 503 1459 ib.
526 1422 588 1459 sed
608 1435 692 1459 cum
715 1420 801 1468 ἄχρι
823 1423 930 1458 Dem.
954 1430 998 1457 ut
1019 1431 1105 1455 cum
1127 1424 1159 1456 ἐν
1179 1420 1286 1465 δίνῃσι
1308 1418 1442 1456 Hom.,
1477 1425 1564 1462 pro-

26 1473 131 1519 prie,
162 1473 220 1508 vel
242 1485 311 1520 pro
333 1477 399 1514 εἰς,
435 1486 548 1520 porro
570 1484 655 1508 cum
679 1485 752 1508 acc.
778 1472 892 1519 pers,
923 1481 1067 1518 praeter
1087 1469 1232 1505 sensum
1255 1464 1486 1514 turpiculum
1503 1475 1564 1511 ap.

27 1523 126 1559 Plut.
146 1521 235 1564 Hs..
268 1521 373 1558 fimul
394 1534 479 1559 curn
512 1536 566 1570 pr.
588 1527 680 1559 κατὰ
698 1524 808 1559 Dem.
842 1522 883 1558 it.
906 1532 989 1556 eum
1008 1525 1054 1561 εἰς
1076 1517 1193 1555 Dion.
1214 1519 1260 1554 Η.
1282 1517 1318 1552 S.
1339 1517 1387 1553 T.
1409 1528 1442 1551 2.
1473 1513 1563 1553 Abr.

29 1571 92 1607 Dl.
103 1571 176 1626 T.h'
187 1583 220 1617 p.
233 1576 312 1619 673.
326 1585 358 1608 e.
369 1572 449 1617 (ubi
463 1583 501 1609 et
512 1571 680 1620 oppresso
694 1585 767 1608 acc.
783 1572 872 1620 pers.
886 1568 1025 1611 ἔασι-δν,
1048 1568 1097 1605 cf.
1116 1565 1203 1605 Rsk.
1218 1567 1261 1602 ad
1276 1566 1398 1611 Polb.)
1421 1564 1462 1601 it.
1475 1574 1566 1605 cum

28 1623 83 1658 διὰ
103 1623 157 1656 Fr.
179 1621 253 1656 Pal.
273 1633 356 1658 cum
378 1622 420 1658 L.
440 1623 490 1659 N.
513 1624 562 1658 T.
582 1624 663 1659 Ast.
688 1637 722 1668 9,
743 1635 799 1667 25.
828 1621 893 1657 ubi
919 1632 957 1657 et
984 1618 1087 1656 simul
1109 1630 1195 1654 curn
1215 1616 1274 1655 σὼ
1293 1627 1332 1652 et
1350 1622 1396 1658 εἷς
1417 1617 1504 1652 Luc.
1528 1624 1564 1656 ς,

33 1681 89 1713 19·
103 1694 114 1711 ι
144 1681 224 1706 tum
243 1669 289 1706 de
305 1682 366 1711 re,
391 1671 557 1709 absolute
575 1673 700 1719 Geop.
715 1684 755 1709 et
775 1672 875 1707 Plut.
897 1671 988 1718 Krg.
1004 1695 1014 1711 ,
1041 1668 1207 1715 denique
1227 1665 1374 1713 tropice
1396 1664 1442 1701 de
1454 1661 1562 1711 pers..

28 1731 113 1756 cum
142 1731 217 1755 acc.
245 1718 297 1756 rei
327 1720 434 1756 Dem.
457 1731 498 1757 et
516 1722 597 1758 Acl.
619 1722 665 1756 V.
685 1721 721 1756 h.
750 1720 792 1757 it.
814 1732 899 1756 cum
923 1732 976 1767 pr.
1001 1724 1047 1760 εἰς
1073 1721 1189 1766 Long.
1211 1717 1308 1753 Mor.
1334 1726 1373 1752 et
1402 1727 1485 1750 cum
1506 1716 1563 1751 δαῖε

31 1768 133 1805 Suid.
157 1781 190 1811 2,
209 1778 291 1815 223.
312 1781 346 1804 e.
372 1769 413 1805 it.
434 1770 524 1807 Hes.
544 1783 577 1813 2,
602 1780 682 1816 103.
704 1770 749 1807 N.
766 1782 821 1813 5.‚
853 1769 913 1804 sed
935 1768 1071 1805 G.Th.
1091 1780 1174 1803 curn
1189 1768 1250 1802 Gr.
1271 1778 1308 1801 n.
1323 1789 1333 1806 ,
1363 1764 1400 1800 in
1418 1774 1564 1811 partem

30 1818 125 1854 hanc
143 1830 292 1855 tacente
309 1817 441 1866 Xiph..
476 1818 538 1855 sed
557 1819 845 1860 consentiente,
875 1829 1089 1866 quanquam
1111 1814 1319 1856 obscurius,
1341 1816 1463 1861 Spart.
1478 1824 1510 1847 c.
1525 1823 1559 1847 2.

31 1881 64 1905 e.
86 1868 144 1904 Ι.Ι.
164 1869 341 1904 Iulianum
362 1881 493 1905 emur-o
518 1868 683 1917 ingentia
695 1868 912 1918 pollicentem
931 1868 1022 1908 reh,
1047 1878 1123 1914 quo
1137 1866 1174 1901 in
1191 1877 1296 1901 muro
1310 1862 1422 1903 stetit,
1445 1861 1564 1900 subla·

32 1928 93 1954 tus
112 1917 217 1953 scalis
236 1916 419 1957 demissis,
456 1931 501 1955 ut
517 1931 575 1965 ap.
595 1919 770 1955 Nostrum
791 1917 971 1965 sequitur,
999 1916 1063 1953 ubi
1085 1915 1168 1953 Sch.
1189 1915 1226 1951 in
1256 1918 1379 1959 υσίνεβ.
1399 1912 1504 1950 αὖτὸν
1514 1930 1566 1953 —,

30 1966 257 2004 sustulerunt
279 1981 359 2004 eum
383 1966 488 2015 supra
507 1975 653 2004 mut-ow
681 1968 721 2004 in
741 1979 832 2004 extr.
857 1980 877 2002 e
897 1969 933 2004 Ρ.
948 1991 959 2007 ,
996 1977 1094 2013 quos
1112 1966 1176 2013 Bg.
1205 1962 1340 1999 deserit
1361 1960 1567 2001 liberrime,

31 2027 74 2053 ut
96 2029 160 2063 per
192 2015 335 2064 phrafin
359 2029 426 2064 pro
456 2018 563 2065 privo
594 2031 626 2053 ν.
653 2028 778 2054 tamen
802 2015 967 2052 vicinior
997 2016 1040 2052 iit
1061 2015 1126 2051 Gr.
1143 2026 1200 2052 v..
1238 2012 1300 2049 ubi
1334 2011 1459 2048 saltem
1486 2020 1565 2046 non

31 2065 218 2102 omiserim
239 2066 279 2103 in
297 2079 455 2109 murum,
488 2065 718 2104 simillimum
737 2067 862 2103 locum
878 2065 1098 2113 proferente
1109 2064 1171 2100 Sb.
1185 2064 1268 2100 I'nd.
1285 2062 1566 2108 exiph.1s5‚9.

31 2111 50 2158 ἒ
73 2120 142 2162 ’γὰρ
159 2115 244 2163 reric
263 2113 422 2163 φςοόςιόν
443 2134 476 2154 τι
498 2123 768 2164 προσ-μίσγοντες
787 2115 1074 2162 προτοςεύοντοια,
1102 2113 1156 2154 καλ
1175 2117 1335 2154 πολλάκις
1347 2110 1402 2153 κα)
1413 2110 1464 2148 ἐπ’
1481 2106 1568 2165 affro:

19 2163 71 2202 ‘53
90 2169 206 2210 τεῖχος
225 2169 478 2214 ἂναβιβάζσνσί
496 2183 591 2209 τινας
605 2193 615 2209 .
647 2181 719 2202 una
739 2166 811 2206 est,
841 2178 915 2202 cum
937 2164 1217 2214 propugnacula
1239 2164 1413 2211 quaedam
1431 2159 1570 2197 adoriri

29 2215 155 2251 volunt
172 2230 179 2250 ι
217 2214 263 2251 fic
283 2217 374 2252 enim
399 2217 621 2265 plerumque
641 2217 823 2254 nonnullos
843 2215 1056 2255 extollunt,
1085 2223 1126 2250 ut
1139 2224 1203 2248 eos
1215 2213 1331 2262 supra
1353 2219 1481 2247 muros
1499 2208 1570 2244 col·

28 2264 167 2307 locent,
204 2264 396 2313 aliquanto
419 2266 595 2308 liberius;
623 2265 825 2302 formulam
849 2278 932 2303 curn
953 2269 1008 2303 ἐπὶ
1028 2263 1228 2312 ignorante
1248 2260 1439 2308 stp.Th.,
1466 2257 1516 2294 cf.
1526 2258 1568 2294 L.

26 2315 79 2351 N.
99 2314 170 2355 T..
200 2327 364 2362 quorum
385 2316 506 2352 Schw.
531 2329 609 2353 non
633 2316 707 2353 huc
727 2315 886 2363 spestat,
920 2314 984 2352 sed
1010 2314 1055 2350 ad
1084 2311 1289 2348 diffimilem
1314 2311 1441 2346 locum
1468 2307 1570 2351 zos..

29 2364 112 2401 lnd.
128 2365 238 2400 Dem.
255 2365 352 2402 Xen.
375 2366 475 2403 Mor.
494 2365 588 2412 'Ave
621 2366 718 2403 Heu.
749 2366 836 2415 Cyr.
865 2377 949 2401 curn
972 2365 1018 2402 Ζ.
1039 2375 1079 2400 et
1099 2361 1180 2399 Pol.
1195 2386 1206 2403 ,
1243 2359 1359 2396 Diod.
1384 2361 1420 2395 S.
1448 2357 1570 2399 Dion,

29 2415 81 2450 H.
102 2414 137 2448 S.
157 2415 207 2451 T.
228 2425 300 2450 utr.
329 2414 416 2452 Luc.
442 2427 527 2452 cum
553 2417 641 2452 loco
662 2429 707 2453 ex
724 2428 754 2457 ι,
770 2416 914 2458 278.N.
930 2423 987 2459 98.
1014 2414 1153 2449 Loesn.
1169 2410 1259 2448 Obs.
1286 2422 1322 2456 p.
1337 2419 1394 2455 33.
1412 2407 1435 2445 i.
1451 2406 1571 2454 Hesy,

29 2473 70 2500 et
90 2463 214 2500 Thuc.
234 2473 268 2510 3,
290 2472 348 2510 23.
362 2464 386 2500 i.
436 2464 511 2502 Sed
522 2465 605 2501 Var.
625 2466 669 2502 L.
689 2465 730 2501 in
745 2464 830 2500 edd.
853 2465 968 2512 magis
988 2462 1123 2509 elapsu
1143 2472 1356 2507 operarum,
1384 2468 1574 2505 quamne.

29 2511 189 2561 gflestum
204 2537 216 2555 υ
242 2524 286 2549 ut
307 2513 409 2553 alibi,
438 2526 703 2559 augmentum,
730 2513 885 2550 valitura
906 2513 968 2549 hic
989 2524 1114 2561 praep.
1133 2510 1168 2546 vi
1184 2508 1334 2557 propria
1355 2518 1395 2545 et
1405 2519 1472 2556 pro
1484 2504 1571 2556 sur-

29 2561 128 2606 sum,
160 2563 185 2598 s.
205 2562 252 2600 de
272 2558 506 2606 elevatione}
541 2564 590 2602 cf.
610 2567 654 2602 Z.
676 2563 722 2600 ad
745 2564 827 2611 Vig.
852 2577 886 2612 p.
903 2575 983 2608 559.
1004 2574 1097 2598 a.m.
1123 2561 1173 2606 ι).

81 2613 119 2648 ⁰¹³
139 2617 226 2658 We)
256 2613 383 2655 Quam
404 2616 467 2662 Bg.
488 2614 588 2651 solus
607 2613 769 2651 instituit
790 2611 1038 2659 parenthesin,
1068 2621 1108 2646 ea
1129 2608 1283 2646 adiuvat
1300 2604 1430 2644 seriem
1451 2605 1573 2644 haste-

31 2672 126 2704 nus,
163 2673 209 2698 ut
227 2662 364 2699 melius
386 2663 535 2705 videas,
572 2663 747 2712 quorsum
774 2663 960 2710 pertineat
979 2661 1031 2709 sq.
1050 2659 1084 2708 §.
1108 2658 1125 2696 ὅ
1145 2658 1193 2701 δ’,
1220 2669 1262 2693 ut
1283 2656 1461 2705 iungatur
1488 2667 1575 2693 cum

33 2709 146 2766 {mins
165 2711 198 2760 §.
218 2712 278 2749 τδν
293 2710 395 2751 'loun
409 2738 421 2753 ,
454 2725 550 2761 quae
580 2714 811 2749 dirimuntur
838 2711 923 2747 sane
944 2723 1008 2758 per
1028 2710 1137 2746 aliam
1160 2709 1359 2744 verborum
1379 2706 1475 2754 pers.
1489 2729 1501 2746 ,
1535 2715 1576 2742 et

35 2758 156 2808 ipsam
179 2771 306 2799 tamen
327 2775 459 2800 nexam
483 2762 674 2800 arstiffime
693 2775 778 2799 cum
799 2774 855 2810 pr.
877 2766 969 2807 ᾶνιβ.
986 2785 998 2803 ,
1037 2770 1079 2795 ut
1100 2757 1196 2807 signa
1217 2754 1438 2804 parenthesis
1458 2755 1573 2792 etiam
