1722 3086
157 168 252 213 292
327 150 492 198 LIBER
514 151 564 196 11.
602 150 722 198 CAP.
742 152 813 197 IX.
856 151 984 204 A.]V.
1007 153 1055 200 C.
1079 155 1190 213 946.
1221 155 1356 202 CHR.
1377 157 1440 202 N.
1465 171 1570 218 193.

163 268 504 328 ἁντιποιεῖσθοᾳ,
552 261 639 317 odd*
657 268 779 332 αὐτῷ
800 266 821 293 ¹¹
843 267 915 324 τὴν
953 271 1090 331 Gai-e,
1139 294 1284 341 neque
1326 277 1402 326 fibi
1437 283 1682 345 potentiam

163 345 375 414 ἐξουσίαν
398 343 628 409 μνᾶσθαι,
679 346 734 400 ὠς
759 343 908 394 θέλειν
947 352 1138 409 ambire,
1199 371 1330 417 quam
1375 356 1486 403 velle
1535 359 1682 404 ultum

164 420 434 489 ἐπεξελθεῖν
459 419 653 470 τοιούτου
682 420 909 482 βασιλέως
947 430 1012 474 ire
1043 430 1260 477 eiusmodi
1284 433 1558 496 imperatoris
1583 449 1679 480 cae-

164 501 339 565 αἵματι.
413 496 565 566 egara-eg
577 491 698 547 ὃὲταῖ
710 497 909 563 σώματα
957 517 1035 562 15.
1079 506 1193 551 dem.
1284 509 1678 561 Quemadmodum

163 577 199 623 οἱ
222 578 369 624 ἐκεῖσε
402 571 629 642 ἅνθρωποι
652 572 904 639 γενναιότει-
943 592 1088 627 autem
1102 582 1678 647 corporibusillichomines

160 652 294 700 τοῖτε
315 649 391 700 καὶ
413 647 616 715 μεγάλοι
644 662 653 684 ¹
678 651 784 712 εἰσ-1,
825 652 902 702 καὶ
938 656 1177 705 validiffimi
1209 670 1252 706 et
1287 657 1438 721 magni
1466 660 1584 716 sunt,
1629 678 1678 709 ac
1706 700 1711 704 .

253 791 289 831 1ι)
314 792 364 826 Sic
384 803 444 834 pet
465 794 615 835 asperum
633 793 667 825 in
688 794 757 835 Stp.
778 792 860 829 rel.,
887 804 948 834 pro
967 792 1012 826 al.
1029 796 1098 825 αὖτ’,
1117 803 1176 836 per
1196 794 1329 832 lenem,
1354 795 1412 837 qui
1434 805 1469 828 et
1485 796 1518 828 in
1531 796 1593 830 Ms.
1606 797 1677 835 Vi„

162 846 198 870 v.
215 838 263 872 N.
335 839 362 878 i)
387 839 422 869 ln
444 840 494 870 Ms
527 840 589 872 Ve.
606 844 655 872 aa>
672 851 744 879 μεγ.
765 838 864 872 deest.
882 840 966 872 Zan.
1012 840 1119 872 Etiam
1140 840 1174 871 in
1192 842 1260 874 MS.
1278 840 1333 873 Ba.
1352 840 1457 879 nihil,
1487 851 1586 884 quarn
1606 854 1676 880 γεν-

160 886 314 917 νιιότιτοί
329 887 365 916 τέ
380 887 436 916 εἰσι
460 895 493 916 ν.
511 884 559 918 N.

207 1005 452 1052 προσποιουμ.)
479 1005 552 1042 Vel
574 1004 618 1043 de
640 1003 838 1048 industria,
873 1005 931 1042 vel
953 1004 1033 1041 casu
1056 1003 1179 1053 posuit
1196 1004 1329 1042 Noster
1348 1005 1410 1042 hic
1427 1006 1546 1044 lusum
1566 1020 1680 1056 quem

162 1067 204 1090 ac
225 1055 502 1103 paronomatian
522 1056 558 1090 in
577 1071 704 1101 πρσσπ,
727 1067 764 1091 et
784 1060 920 1097 ὰπιπκ,
947 1054 1036 1091 huic
1058 1067 1089 1092 v.
1109 1054 1315 1102 adiungens
1333 1055 1529 1093 formulam
1554 1056 1678 1105 synai.

161 1120 214 1150 μυ.
234 1117 267 1142 Λ.
289 1118 352 1151 per
371 1105 538 1151 copiam,
567 1104 627 1141 ubi
651 1107 713 1154 ssg.
735 1118 753 1141 e
779 1107 816 1142 Ρ.
843 1106 993 1152 perimit
1014 1104 1098 1141 sane
1119 1105 1315 1141 necessario
1343 1106 1444 1142 illam
1471 1105 1680 1144 similitudi.

160 1167 250 1191 nem
274 1154 312 1190 in
335 1156 396 1191 Gr.
421 1154 562 1197 verbis,
594 1167 678 1192 cum
702 1155 913 1202 praesertim
932 1156 1063 1192 eodem
1085 1155 1164 1191 Lat.
1187 1153 1362 1204 aff‘et‘Jare
1382 1156 1602 1197 reddantur,
1628 1155 1680 1192 cf.

162 1204 205 1241 L.
230 1204 314 1240 Ern.
336 1214 373 1240 et
392 1203 470 1240 lnd.
498 1204 610 1240 Dion.
634 1206 677 1241 C.
698 1209 818 1241 wem.
841 1216 926 1242 cum
945 1205 1078 1241 eodem
1102 1216 1186 1253 gen.
1209 1209 1316 1250 &exn
1350 1203 1426 1242 fine
1446 1205 1592 1242 auclore
1616 1217 1676 1253 ap.

161 1256 242 1302 Stp.
263 1253 335 1289 Th.
366 1254 585 1294 „vendicare
606 1252 668 1290 fibi
690 1255 933 1303 principatum
956 1254 1222 1302 fiimperium“
1252 1255 1347 1290 bene
1363 1255 1520 1302 expressa
1532 1254 1680 1291 vimed.

163 1307 219 1351 (ut
242 1314 278 1338 et
301 1303 381 1338 qch.
402 1304 439 1338 in
470 1307 546 1349 »ἐξ
559 1302 731 1350 summam
752 1304 967 1351 potestatem
985 1313 1049 1350 pro
1072 1303 1106 1339 se
1125 1302 1328 1353 aff‘ellare“
1357 1315 1396 1340 et
1412 1304 1450 1340 in
1463 1303 1681 1341 nostratium

163 1353 263 1390 affini
283 1353 351 1392 fich
370 1352 464 1388 nach
486 1365 599 1389 etwas
618 1353 792 1399 xanthum)
813 1352 860 1388 cf.
874 1356 968 1390 Xen.
991 1353 1082 1398 Ἀνβ.
1102 1354 1158 1389 ed.
1183 1353 1246 1388 rh.
1268 1353 1310 1389 V.
1324 1365 1357 1389 2.
1406 1365 1472 1398 ,79
1495 1351 1539 1393 θ’.
1560 1354 1631 1396 ὅςις
1644 1358 1682 1391 ἃ.

163 1407 408 1444 bramaha.
442 1403 505 1449 qui
525 1401 586 1438 libi
611 1415 756 1451 regnum
774 1405 846 1438 hoc
867 1403 1036 1444 vindicet,
1065 1403 1141 1438 lnd.
1157 1403 1255 1438 Mor.
1279 1414 1360 1438 cum
1375 1366 1434 1451 gg.
1449 1410 1522 1450 (ap.
1539 1403 1678 1440 G-Th.

163 1465 250 1488 curn
270 1457 438 1496 μνηςεύω,
465 1451 541 1500 syn.
564 1451 617 1494 ei,
650 1451 751 1500 quod
778 1465 862 1488 mox
882 1465 938 1499 ap.
961 1451 1081 1488 Nostr.
1104 1451 1301 1499 sequitur,)
1327 1451 1388 1487 sed
1410 1452 1483 1488 alio
1505 1452 1610 1488 sensu
1630 1452 1680 1489 ib.

164 1502 281 1540 Mem.
301 1502 336 1537 S.
359 1513 398 1537 et
417 1513 475 1548 ap.
497 1500 601 1540 Sald.
628 1513 659 1543 1,
681 1513 763 1545 229.
779 1515 809 1536 e.
836 1506 1096 1545 ἀντιποιούμενοι
1116 1511 1176 1543 τῆς
1196 1504 1228 1536 ἃ.
1249 1501 1295 1545 τῷ
1313 1505 1470 1545 βασιλεῖ,
1503 1501 1585 1549 regi
1609 1500 1680 1537 im-

165 1551 312 1599 perium
333 1552 585 1591 vendicantes,
613 1551 715 1599 quod
738 1550 1001 1597 Xenophontis
1021 1556 1106 1597 (pro
1127 1563 1229 1586 mero
1249 1549 1313 1585 ast.
1337 1550 1385 1585 ob
1398 1552 1471 1587 dat.
1485 1549 1577 1586 alius
1598 1562 1681 1597 pet-

165 1600 294 1646 sonae)
314 1612 393 1636 non
413 1601 540 1647 prodit
558 1601 636 1637 lnd.
650 1624 660 1642 ,
691 1600 752 1636 sed
769 1599 881 1635 alium
900 1611 983 1648 gen.
1003 1600 1062 1636 Rs.
1089 1600 1154 1634 Or.
1177 1599 1222 1634 V.
1236 1610 1269 1642 7.
1293 1597 1334 1635 ls.
1356 1598 1582 1635 etDem.cui
1597 1597 1682 1637 add.

166 1663 228 1695 70,
253 1663 287 1691 p.
305 1653 385 1690 164,
410 1654 463 1687 26.
483 1662 505 1697 p
532 1649 582 1698 sq.
606 1648 630 1685 i.
659 1661 739 1694 194,
760 1661 790 1693 ς.
817 1651 910 1686 Xen.
931 1650 1008 1686 1³01.
1032 1649 1074 1684 Z.
1099 1649 1184 1686 Ael.
1207 1648 1251 1685 V.
1269 1646 1307 1682 h.
1331 1647 1423 1684 Luc.
1443 1647 1545 1685 Polb.
1564 1647 1682 1686 Diod.

164 1703 204 1737 S.
235 1698 354 1736 Dion.
380 1700 427 1734 H.
448 1700 483 1734 S.
507 1701 552 1735 T.
575 1711 607 1735 1.
634 1700 698 1736 1012
721 1698 813 1735 Poss.
836 1698 926 1734 Call.
945 1697 996 1735 Fi.
1018 1698 1094 1734 Pal.
1116 1708 1155 1733 et
1172 1696 1273 1733 Poes.
1292 1710 1374 1733 cum
1393 1698 1455 1733 Sb.
1476 1696 1559 1734 lnd.
1574 1723 1584 1738 ‚
1617 1696 1683 1745 qui

166 1750 207 1787 in
231 1762 264 1784 v.
285 1765 336 1793 μν.
357 1747 432 1784 fine
450 1750 514 1784 Vs.
536 1760 640 1785 tenet
657 1747 770 1784 fimile
789 1747 872 1784 Zos.
898 1760 927 1789 1,
947 1759 1008 1794 40,
1025 1760 1051 1783 ι.
1064 1761 1095 1784 e.
1112 1763 1164 1792 μν.
1183 1755 1242 1789 τὴν
1260 1754 1324 1783 τῶν
1345 1744 1427 1784 ὅλων
1437 1746 1683 1794 &effutiam-5.

165 1798 230 1838 ubi
251 1800 349 1845 lntp.
369 1798 506 1838 libere,
544 1796 604 1834 cui.
623 1798 703 1832 add.
727 1797 775 1833 ib.
800 1810 834 1842 ς,
863 1809 891 1836 1,
909 1801 943 1834 6.
966 1804 1028 1839 τὴν
1046 1802 1223 1842 βασιλείαν
1242 1794 1271 1832 ἕ.
1292 1812 1344 1840 μυ.
1366 1795 1429 1832 fibi
1443 1805 1603 1845 parare,
1637 1807 1683 1833 ut

167 1851 261 1886 Bud.
287 1850 326 1884 C.
354 1851 457 1887 ¹226,
486 1859 540 1893 ις.
563 1860 648 1883 cum
668 1846 763 1892 αὑτῷ
784 1859 804 1882 e
823 1847 946 1888 Plut.‚
975 1859 1053 1895 quo
1068 1845 1242 1883 adiunsto
1258 1845 1320 1880 hic
1336 1845 1475 1882 diserto
1496 1857 1603 1894 pron.
1624 1859 1682 1882 re-

167 1899 257 1945 cipr.
284 1909 369 1933 cum
394 1895 486 1932 med.
510 1897 590 1941 (ubi
614 1899 677 1946 Bg.
702 1897 748 1933 de
767 1895 832 1933 suo
853 1896 1019 1944 sequitur
1041 1896 1207 1943 asperum
1229 1907 1249 1931 e
1269 1894 1348 1930 Lat.
1367 1893 1515 1932 ratione
1544 1906 1583 1932 et
1599 1897 1681 1942 Stp.

167 1948 213 1984 ad
237 1951 301 1992 tn.)
324 1946 439 1981 variat
460 1947 588 1982 Noster
608 1958 674 1993 pro
696 1959 729 1988 ε,
751 1958 785 1993 7,
810 1958 864 1982 ιι.
886 1962 937 1990 μν.
955 1953 1013 1988 τῆν
1031 1950 1115 1991 ὰςχ.
1135 1945 1198 1981 sed
1216 1955 1255 1980 et
1278 1957 1342 1991 per
1362 1944 1461 1981 aliud
1490 1943 1597 1981 subst.
1618 1949 1680 1990 ἐξ,

165 1998 267 2046 quod
291 1996 438 2042 copulat
461 2008 541 2031 cum
560 2005 621 2037 τῆς
644 2001 751 2041 &ex-2
785 2006 829 2032 ut
850 2009 882 2036 2,
905 2006 939 2042 3,
963 2007 1017 2031 10.
1040 1995 1101 2032 sed
1119 1992 1294 2041 peculiari
1314 1994 1427 2031 modo
1456 2006 1539 2031 cum
1558 2007 1593 2031 v.
1610 2010 1679 2040 μυ..

162 2057 315 2084 tacente
336 2045 447 2081 eriam
467 2047 513 2081 G.
536 2046 631 2087 Th„
666 2044 730 2081 ubi
751 2055 897 2082 tantum
918 2044 997 2094 syn.
1017 2042 1302 2094 cancupiscere—
1313 2044 1534 2094 potentiam,
1558 2044 1619 2082 sed
1636 2044 1678 2080 P.

158 2094 326 2133 'addente
344 2093 460 2131 libere
478 2094 548 2130 adi.
566 2094 609 2130 ad
633 2099 701 2141 ἐξ,
733 2093 858 2130 forsan
880 2108 901 2131 e
923 2107 956 2137 ε,
977 2103 1010 2141 3,
1037 2107 1094 2132 10.

214 2157 374 2189 τοιούτου
392 2154 443 2197 β.)
466 2151 546 2188 Pol.
575 2156 742 2189 τοσούτου
775 2151 876 2198 legit.
897 2151 1013 2200 Steph.
1040 2164 1151 2200 quem
1168 2162 1322 2194 contra,
1360 2151 1473 2189 etiam
1497 2149 1540 2187 in
1566 2161 1616 2185 m.
1637 2147 1681 2184 P.

167 2212 378 2239 vertentem
400 2213 420 2236 e
442 2201 542 2249 vulg.
564 2200 635 2236 lest
659 2226 667 2240 ‚
703 2201 789 2237 Sch.
810 2199 908 2236 reete
927 2211 1054 2237 tuetur
1072 2201 1192 2250 vulg„
1225 2201 1271 2238 cf.
1297 2213 1327 2244 1,
1344 2210 1380 2248 3,
1401 2210 1480 2247 13..
1514 2209 1682 2247 quocum

164 2253 252 2289 loco
272 2250 407 2287 Noster
426 2249 486 2285 hic
509 2261 589 2286 non
612 2248 748 2292 variat,
795 2254 856 2295 (ut
881 2262 952 2285 nec
970 2251 1032 2298 ssg.
1052 2251 1092 2287 in
1115 2251 1195 2286 Lat.
1221 2253 1345 2297 pron.)
1371 2249 1433 2287 sed
1459 2262 1543 2287 cum
1568 2247 1680 2286 huius

164 2312 232 2348 cap
268 2298 300 2346 §.
328 2311 382 2335 11.
404 2299 442 2335 in
466 2299 546 2348 syn.
570 2310 651 2346 gen.
674 2310 711 2334 et
737 2300 811 2346 syn.
829 2299 932 2335 subst.
951 2306 1044 2344 αἱμ..
1071 2300 1135 2337 ubi
1156 2299 1273 2335 Schw.
1294 2300 1336 2337 1..
1356 2300 1406 2336 N.
1423 2300 1471 2335 T.
1493 2311 1527 2346 p.
1549 2310 1606 2341 24.
1628 2296 1679 2333 N.

163 2363 199 2388 2.
219 2349 245 2385 i.
267 2349 354 2384 hinc
381 2348 538 2389 „ulcisci
556 2349 640 2384 tali‹
661 2346 897 2395 imperatoris
913 2351 1071 2391 caedem,
1105 2359 1144 2385 et
1168 2347 1251 2394 αἷμα
1272 2349 1302 2397 §.
1329 2353 1383 2385 16.
1410 2360 1476 2397 per
1495 2354 1591 2395 φόνον
1610 2346 1682 2383 de-

165 2401 354 2436 eluatur«
379 2398 568 2434 retinente
590 2400 651 2445 Bg.
669 2409 690 2432 e
711 2398 748 2432 P.
770 2396 967 2434 formulam
989 2398 1026 2434 in
1050 2411 1086 2434 v.
1111 2403 1225 2445 ἐπεξ,
1249 2398 1295 2434 ad
1307 2396 1503 2445 v.fimplex
1523 2396 1680 2433 assumto

161 2449 322 2496 supino,
357 2460 422 2495 per
445 2447 545 2494 quod
566 2446 702 2493 aliquis
721 2446 832 2482 tacile
849 2447 1050 2484 inducatur
1071 2447 1114 2483 ad
1127 2447 1250 2484 Leisn.
1273 2447 1305 2495 §.
1324 2460 1378 2483 ιι.
1391 2461 1422 2483 e.
1440 2449 1679 2493 βραχυλογίαν
1697 2488 1702 2490 ‚

164 2508 204 2534 et
225 2495 366 2545 ellipsin
388 2500 434 2537 εἷς
453 2503 493 2534 τὸ
513 2496 696 2541 ion-afim,
729 2507 842 2543 quam
864 2496 1043 2544 permitto
1062 2496 1281 2534 volentibus
1294 2522 1304 2539 ,
1326 2496 1518 2533 mansurus
1539 2494 1617 2544 ipse
1636 2493 1679 2543 ἱιι

161 2546 346 2584 sententia
368 2557 516 2586 tamen,
555 2547 604 2584 ib.
630 2544 835 2592 proposita,
870 2556 907 2580 et
926 2545 962 2581 in
985 2558 1097 2592 tropo
1118 2558 1244 2589 mer0,
1272 2545 1319 2582 cf.
1341 2559 1375 2587 2,
1393 2549 1428 2587 6.
1449 2549 1484 2582 6.

210 2597 456 2641 γενναιότατοι)
484 2597 526 2631 In
550 2595 645 2632 cod.
666 2593 763 2630 deest
779 2596 833 2637 no.)
855 2608 933 2639 μεν.
953 2608 1076 2632 errore
1097 2594 1246 2632 librarii.
1291 2596 1364 2632 Sed
1386 2593 1451 2631 nifi
1471 2606 1530 2630 me
1549 2590 1678 2631 omnia

161 2644 329 2688 fallunt,
366 2644 487 2682 deerit
516 2656 666 2692 quoque
697 2644 870 2692 particula
900 2660 959 2684 rs,
996 2656 1208 2692 quanquam
1236 2645 1416 2682 Zanettus
1447 2644 1560 2680 modo
1587 2642 1679 2678 duae

161 2706 275 2732 voces
292 2694 453 2732 notavit.
505 2691 658 2730 Scilicet
674 2706 691 2728 a
711 2705 806 2729 voce
823 2707 910 2738 'yena-
932 2693 1051 2730 statim
1070 2694 1238 2741 delapsus
1259 2693 1307 2730 est
1326 2693 1498 2730 librarius
1525 2692 1570 2729 ad
1597 2697 1676 2733 εἶσὶ,
1712 2715 1719 2720 -

160 2743 298 2783 mediis
322 2744 420 2786 illis,
453 2758 493 2780 τε
515 2741 571 2786 xo)
587 2757 667 2787 ewr-
687 2744 735 2779 ob
757 2741 1099 2780 homoeoteleuton
1117 2743 1262 2780 omlffis.
1288 2743 1424 2779 Stroth.

257 2793 327 2831 Pet
344 2792 556 2842 pleniorem
577 2791 737 2830 Martini
767 2802 807 2830 et
832 2791 896 2829 hic
925 2803 1078 2841 operam
1098 2802 1253 2843 apparet
1272 2805 1398 2830 tamen
1418 2791 1522 2830 limul
1541 2791 1583 2828 in
1603 2790 1676 2831 Ms.
