1722 3086
159 67 250 101 rra
321 52 554 101 LIBERII.
592 49 714 101 CAP.
733 55 808 102 IV.
836 57 890 104 A.
907 57 962 103 V.
983 56 1032 104 C.
1056 52 1164 118 946.
1207 58 1558 124 CHR..N.>193.

151 164 202 221 ὃέ
223 176 494 231 τελευταῖον,
545 165 633 220 οὐδ’
664 171 772 222 ὅλων
804 194 882 238 μη·
919 195 1020 227 cum
1055 196 1137 228 nec
1176 191 1292 231 totos
1325 184 1490 232 menses
1536 186 1647 238 duos

152 249 225 298 νῶν
261 242 341 296 δύο
376 248 452 303 τῆς
483 244 722 308 βασιλείας
762 250 884 314 αὐτῷ
920 258 1013 302 eius
1081 257 1317 321 imperium
1375 261 1648 326 procellisset,
1718 283 1722 308 ε

149 324 553 392 πςοκεχωξηκυίας,
606 318 885 391 ἐπιόειξαμέ»
921 343 962 378 et
997 331 1228 397 specimina
1249 334 1338 399 ipse
1360 339 1516 398 exiguo
1539 350 1650 388 tem·
1677 321 1679 323 Ι

139 419 220 450 ,νου
245 399 293 449 τὲ
322 401 362 448 ἐν
391 400 529 466 ὀλίγῳ
559 398 696 470 χξόνῳ
726 396 887 450 πολλοὶ
920 424 1032 474 pore
1071 409 1211 456 multa
1249 411 1558 461 moderationis
1597 431 1648 464 ae

141 520 143 522 ’
178 524 264 577 ,οὔδ’
284 520 335 563 ὄλ.
352 540 389 569 μ.
410 524 484 568 δύο)
510 524 570 561 Sc.
596 535 640 560 ex
664 536 710 560 eo
740 535 907 573 tempore
927 525 1054 574 coepit
1076 525 1113 564 se
1133 539 1282 566 exerere
1301 530 1529 568 contumacia
1550 529 1647 568 mili·

138 582 229 612 ‘tum
248 585 287 611 et
306 571 522 622 dedignatio
540 574 707 621 parendi·
753 576 812 612 De
841 574 1040 613 intervallo
1064 577 1162 615 enim
1195 578 1355 625 quodam
1383 582 1427 616 ab
1456 581 1529 617 hoc
1549 591 1647 618 tem·
1713 596 1715 600 ⁴

144 636 240 712 gne
259 623 303 660 ad
321 634 458 678 necem·
470 622 582 669 ipsam
604 621 839 671 accipiendus
856 624 1002 662 videtur
1015 625 1249 663 Herodianus
1262 653 1272 669 ‚
1301 639 1342 666 ut
1361 641 1542 679 congruat
1560 641 1646 668 cum

188 672 300 715 ione,
326 682 411 718 qur,
447 672 634 719 imperasse
659 673 887 710 Pertinacem
910 672 986 710 dies
1002 675 1220 717 LXXXVH,
1248 678 1407 720 testatur,
1432 689 1469 716 et
1493 680 1645 727 Capito.

143 725 252 765 lino,
288 722 353 771 qui
373 723 501 768 menses
517 723 620 764 duos,
653 722 727 758 dies
757 723 892 769 viginti
923 724 1072 772 quinque
1091 724 1248 772 imperio
1267 728 1346 764 eius
1369 726 1519 770 tribuit,
1557 740 1644 765 cum

136 774 283 823 ¹quibus
303 772 393 818 facit
412 770 630 814 Africanus,
661 770 726 819 qui
746 770 875 808 itidem
895 773 973 808 dies
999 777 1048 820 κζ
1067 785 1248 810 numerat.
1299 775 1497 823 Eutropius
1515 778 1646 815 Lxxx

136 821 238 862 'diesi
288 825 340 861 At
360 821 535 860 Eusebius
563 821 603 858 in
625 820 814 859 Chronico
841 833 981 857 canone
1004 833 1181 870 quantum
1209 823 1360 861 differt?
1395 826 1458 873 qui
1481 826 1642 873 regnall‘e

144 874 197 913 ait
216 883 318 921 μῆνας
338 889 378 914 ς,
410 870 538 920 menses
551 870 631 919 sex3
666 870 766 919 quod
786 881 823 906 et
842 870 926 907 alibi
948 868 1070 908 firmat
1091 885 1121 917 ς.
1145 873 1238 908 Eccl.
1264 874 1341 911 hist.
1366 886 1423 917 27.
1445 887 1513 923 qua
1534 875 1581 911 de
1600 889 1642 913 re

143 924 304 972 disputat
326 922 393 959 los.
414 919 574 969 Scaliger
593 921 634 956 in
652 919 778 957 Anim.
792 918 1024 963 Eusebianis,
1052 933 1089 958 et
1109 922 1303 959 concludit
1319 923 1499 972 denique:
1525 925 1643 960 dicen-
1679 957 1685 960 .
1715 939 1719 961 κ

143 976 224 1012 dum
236 999 246 1014 ,
277 973 391 1009 minus
404 993 414 1010 ‚
449 983 551 1019 quam
565 967 631 1017 sex
647 968 778 1018 menses
792 994 802 1012 ,
827 969 1005 1019 imper-affl
1022 973 1259 1013 Pertinacem,
1284 983 1320 1009 et
1336 974 1428 1022 plus.
1452 987 1554 1020 quam
1566 975 1643 1010 dies

143 1023 357 1062 LXXXVII.
405 1021 478 1057 Sed
497 1019 589 1055 nibil
610 1031 701 1066 opus
722 1018 791 1061 est,
825 1019 1037 1057 consensum
1057 1030 1115 1056 tot
1132 1021 1322 1059 austerum
1344 1022 1382 1058 in
1401 1022 1556 1059 dubium
1573 1037 1641 1060 vo·
1684 1053 1687 1056 ,

143 1086 239 1110 care.
291 1070 390 1114 Quis
412 1068 509 1106 enim
537 1081 615 1104 non
642 1068 763 1111 videt,
800 1069 995 1106 Eusebium
1018 1082 1139 1106 totum
1169 1070 1262 1107 illud
1292 1082 1438 1119 tempus
1464 1073 1507 1109 ab
1536 1072 1640 1110 exitu

114 1120 122 1131 ⁸
143 1119 345 1162 Commodi
365 1122 409 1157 ad
431 1117 580 1156 initium
600 1118 725 1155 Severi
750 1116 908 1156 tribuere
928 1119 1131 1161 Pertinaci,
1163 1121 1365 1167 praeterito
1383 1121 1548 1163 Iuliano,
1575 1122 1641 1170 qui

141 1173 243 1211 inter
267 1181 471 1216 utrumque
500 1167 695 1215 imperium
722 1167 845 1206 tenuit
863 1168 1028 1214 mensibus
1053 1170 1179 1205 duobus
1206 1170 1323 1206 diebus
1349 1171 1519 1218 quinque,
1553 1171 1645 1212 teste

140 1222 366 1271 Spartiano?
401 1217 603 1255 Omittitur
621 1229 744 1254 autem
761 1217 801 1254 in
821 1217 913 1254 serie
931 1220 1196 1265 Imperatorum
1218 1231 1237 1255 a
1256 1218 1641 1264 nonnullislulianus,

141 1284 222 1310 tum
241 1271 328 1319 quia
346 1269 441 1306 malo
465 1278 566 1303 more
584 1264 780 1314 imperium
803 1270 984 1303 mercatus
1003 1277 1101 1304 erat,
1135 1278 1215 1304 tum
1237 1268 1321 1315 quia
1348 1267 1466 1305 statim
1486 1280 1549 1305 'res
1572 1281 1643 1305 no-

142 1335 210 1360 vae
230 1321 345 1368 ipsum
363 1327 600 1364 exceperunt,
627 1315 830 1352 rectoribus
847 1316 1122 1363 provinciarum
1140 1316 1217 1353 eius
1230 1317 1425 1364 imperium
1437 1317 1643 1355 detrectan-

141 1373 264 1413 tibus,
301 1382 339 1406 et
360 1369 405 1404 de
424 1365 637 1414 principatu
655 1364 971 1402 contendentibus
984 1389 995 1407 ‚
1031 1366 1153 1401 donec
1170 1378 1291 1403 rerum
1310 1366 1445 1403 summa
1465 1368 1508 1404 ad
1529 1368 1642 1404 Seve-

140 1434 224 1459 rum
249 1416 435 1468 pervenit.
483 1415 721 1452 Intervallum
739 1426 827 1463 ergo
845 1413 939 1452 illud
958 1412 1056 1452 inter
1074 1414 1276 1451 Pertinacis
1293 1427 1450 1453 mortem
1463 1427 1502 1454 et
1514 1415 1641 1454 Severi

139 1470 250 1510 initia
267 1466 465 1506 certamina
488 1463 614 1513 potius
635 1465 680 1501 de
700 1463 931 1513 principatu,
966 1476 1074 1511 quam
1102 1464 1351 1512 principatum
1376 1465 1516 1503 habuit.
1574 1468 1642 1502 At·

137 1532 217 1570 ,que
247 1519 296 1556 ita
327 1518 502 1553 habemus
530 1512 692 1555 causam,
727 1526 791 1550 cur
818 1524 857 1550 et
884 1513 1048 1551 Iulianus
1075 1524 1345 1560 praetereatur,
1380 1526 1418 1551 et
1436 1512 1640 1551 Pertinacis

139 1568 300 1617 imperio
320 1566 442 1614 plures
461 1563 681 1600 adjiciantur
700 1563 854 1600 menses.
900 1563 1060 1609 Imperio
1077 1564 1228 1611 inquam
1241 1563 1332 1605 eius,
1357 1576 1435 1600 non
1448 1563 1557 1606 vitae,
1581 1563 1642 1601 in·
1664 1573 1666 1576 ’

139 1619 336 1658 tervallum
357 1616 545 1651 turbarum
558 1638 568 1654 ,
595 1612 673 1660 post
693 1623 852 1649 mortem
871 1610 948 1649 eius
967 1622 1176 1649 exortarum
1190 1637 1200 1654 ‚
1227 1611 1490 1658 contribuitur.
1542 1614 1641 1650 Cum
1659 1640 1664 1641 κ

138 1667 294 1707 Eusebio
325 1663 468 1714 prorsus
496 1661 587 1700 facit
612 1659 818 1709 Nicephori
840 1660 1063 1697 Patriarchae
1086 1661 1399 1710 Chronographia.
1420 1663 1530 1698 Boecl.
1579 1664 1640 1698 Sc.

139 1733 184 1757 ex
206 1729 283 1766 quo
303 1712 430 1760 coepit
451 1710 602 1759 parendi
622 1710 855 1759 dedignatio.
896 1708 968 1746 Dio
991 1708 1093 1746 enim
1116 1720 1153 1746 et
1165 1710 1397 1758 Capitolinus
1409 1711 1639 1748 Pertinacem

130 1765 298 1818 ‚regnass'e
328 1764 457 1800 ferunt
485 1760 563 1798 dies
585 1768 664 1801 88..
701 1774 721 1796 a
748 1760 882 1807 quibus
910 1759 1071 1796 immane
1092 1769 1271 1807 quantum
1299 1758 1425 1796 differt
1447 1759 1638 1801 Eusebius,

138 1819 204 1866 qui
225 1812 386 1864 regnasse
395 1810 559 1855 αἱτμῆνας
577 1826 604 1849 ς.
658 1809 730 1846 Sed
740 1809 827 1845 huic
838 1819 1017 1856 computo
1027 1808 1258 1844 annumerari
1269 1809 1381 1846 debet
1400 1808 1638 1847 intervallum

137 1866 251 1908 illud,
270 1876 344 1913 quo
358 1872 478 1898 rerum
491 1860 632 1907 potitus
642 1857 884 1898 estlulianus‚
913 1857 978 1906 qui
996 1855 1035 1894 in
1056 1857 1146 1894 serie
1159 1857 1423 1905 imperatorum
1436 1857 1637 1900 omittitur,

138 1918 199 1956 vel
219 1913 320 1963 quod
339 1910 537 1957 imperium
548 1910 705 1955 turpiter
721 1918 900 1945 mercatus
913 1905 1012 1950 effer,
1040 1908 1097 1943 vel
1110 1907 1313 1954 quodistud
1324 1907 1555 1945 intervallum
1568 1906 1637 1943 im-

138 1969 287 2018 plerent
310 1958 510 1998 certamina
543 1958 667 2006 potius
688 1958 733 1995 de
755 1955 991 2003 principatu,
1027 1968 1136 2004 quam
1155 1955 1382 2003 principatus
1401 1956 1488 2003 ipse.
1518 1959 1635 1995 Oxou.

234 2016 378 2051 Praeter
397 2022 464 2049 ea,
497 2020 590 2056 quae
613 2007 698 2044 alibi
729 2008 774 2044 de
802 2005 948 2052 imperii
979 2005 1225 2046 diuturnitate
1249 2005 1448 2042 Pertinacis
1479 2004 1639 2054 protuli-

135 2079 237 2108 mus,
271 2074 309 2098 et
328 2059 494 2096 dabimus
515 2070 559 2094 ex
577 2056 659 2094 Eus.
675 2055 755 2093 hist.
775 2066 837 2101 per
859 2054 970 2102 Excp.
990 2055 1063 2091 alio
1083 2055 1168 2091 loco
1181 2078 1192 2096 ‚
1216 2053 1276 2091 hic
1293 2052 1501 2091 indicamus
1521 2056 1635 2092 modo

133 2120 215 2157 1002
233 2110 343 2158 Xiph.
366 2111 402 2147 S.
424 2118 503 2155 39¹,
526 2110 580 2143 16.
596 2106 673 2155 sqq.
692 2116 731 2154 et
747 2102 867 2151 Capit.
893 2115 1017 2147 c.·9.e.
1037 2104 1083 2140 T.
1100 2115 1128 2140 1.
1149 2115 1184 2151 p.
1198 2112 1299 2147 587.‚
1322 2102 1383 2140 ubi
1398 2104 1474 2139 Cas.
1485 2104 1534 2140 N.
1553 2114 1634 2140 tan.

133 2180 217 2206 tum
235 2164 349 2201 Dion.
381 2168 589 2205 comparat,
620 2156 669 2192 cf.
688 2154 751 2192 lib.
769 2152 914 2189 Schott.
933 2165 969 2200 p.
991 2164 1045 2196 19.
1063 2165 1110 2188 m.
1142 2163 1180 2188 et
1205 2153 1248 2188 ad
1267 2151 1317 2200 sq.
1336 2165 1369 2186 v.
1390 2161 1531 2198 πζοκεχ.
1550 2154 1634 2199 Stp.

132 2217 207 2255 Th,
223 2228 259 2261 4,
279 2217 360 2256 678.
377 2210 417 2245 E.
438 2221 469 2244 e.
489 2205 579 2242 clam
601 2205 671 2240 eP.
696 2214 781 2244 „res
799 2202 851 2239 dr.
870 2217 951 2247 ’.ι-9.,
981 2202 1040 2238 cui
1057 2201 1127 2238 iam
1141 2212 1287 2247 tempus
1301 2199 1450 2248 aliquod
1465 2200 1633 2239 exailum

132 2269 204 2309 est,
241 2275 285 2301 ut
302 2273 357 2305 ap.
380 2260 430 2295 H.
453 2257 478 2293 l.
497 2269 576 2291 2.-
595 2253 658 2291 ubi
676 2263 801 2291 tamen
822 2250 954 2298 aliquis
971 2248 1121 2287 forfitan
1138 2249 1294 2297 putasset
1310 2249 1436 2298 potius
1447 2250 1633 2288 dicturum

133 2330 217 2355 eum
242 2310 345 2350 fuisse
367 2299 688 2354 προκεχωρηκᾶτων,
713 2300 903 2349 iungendo
917 2312 1001 2337 cum
1019 2306 1153 2345 μηνῶνίῐ
1179 2312 1245 2347 pro
1266 2310 1342 2348 quo
1362 2300 1486 2335 malim
1499 2311 1632 2336 mone·

131 2382 172 2406 re
190 2366 237 2402 de
257 2359 442 2401 reffione,
468 2367 562 2403 quae
579 2351 716 2399 duplex
735 2347 868 2391 fuerit,
891 2359 932 2386 ut
943 2360 1025 2398 gen.
1045 2354 1095 2386 δ).-
1115 2365 1150 2393 μ.
1174 2348 1334 2395 pendeat
1349 2359 1368 2383 a
1386 2359 1511 2396 praep.
1529 2346 1631 2391 inv..
1669 2350 1681 2353 ”

131 2420 222 2466 (cum
241 2409 423 2460 imperium
440 2404 474 2443 e‘i
488 2399 690 2454 proceffiffit
710 2412 758 2436 ne
799 2398 910 2434 uidem
934 2398 1031 2435 ultra
1050 2407 1143 2435 totos
1163 2396 1303 2435 menses
1322 2399 1409 2439 duo,
1443 2408 1631 2445 tropoque

130 2473 300 2504 remoto,
338 2468 421 2494 curn
447 2451 602 2491 durasset
627 2464 675 2487 ne
701 2412 851 2498 quigem
872 2457 975 2484 totos
996 2459 1044 2483 m.
1061 2446 1115 2492 d.)
1144 2446 1201 2483 vel
1222 2458 1288 2493 per
1313 2445 1350 2483 se
1368 2445 1552 2486 sumatur.
1588 2457 1632 2483 ut

130 2511 319 2565 genitivus
345 2503 549 2553 temporis.
584 2512 693 2549 quern
722 2509 761 2535 et
780 2494 868 2533 alibi
890 2497 949 2545 Bg.
971 2505 1088 2533 mutat
1115 2494 1154 2532 in
1175 2493 1285 2533 aliurn
1305 2495 1404 2538 Lat..
1437 2504 1481 2531 ut
1499 2493 1559 2532 hic
1588 2493 1630 2532 in
1691 2508 1696 2514 ·

131 2577 206 2603 acc.
219 2587 229 2604 ‚
267 2567 415 2595 vertens
441 2553 539 2589 idem
559 2550 632 2587 dat.
655 2560 761 2596 pron.
783 2544 871 2594 pers.
893 2557 957 2592 per
975 2557 1080 2592 gen„
1114 2555 1158 2582 ut
1183 2556 1269 2583 cum
1288 2543 1392 2581 subst.
1408 2552 1469 2587 τῆς
1486 2549 1568 2590 pac.
1585 2541 1632 2582 fit

129 2614 205 2652 dat.
223 2605 400 2655 exquisite
419 2614 485 2651 pro
508 2612 613 2650 gem,
647 2607 690 2635 ut
712 2608 796 2633 cum
814 2593 916 2632 subst.
935 2592 1026 2631 aliis.
1075 2641 1083 2649 ·

179 2658 333 2704 eman&
356 2656 421 2700 Bg.
441 2651 520 2689 fere
538 2663 560 2687 e
578 2649 616 2685 P.
637 2646 783 2694 supplet
802 2658 824 2681 e
846 2656 899 2691 pr.
919 2645 1019 2684 αὐτὸς
1037 2642 1109 2679 alio
1128 2641 1210 2679 casu
1224 2651 1262 2679 et
1278 2642 1324 2679 de
1341 2640 1457 2689 pers„
1484 2653 1568 2679 curn
1582 2640 1633 2679 de

127 2725 169 2753 re
190 2709 328 2749 distum
350 2701 438 2743 effet
461 2710 571 2743 ante,
606 2696 772 2747 (qualem
793 2693 928 2735 saltum
945 2702 1008 2733 aut
1028 2692 1332 2742 copulationem.
1356 2688 1484 2729 omiffo
1503 2702 1629 2731 tamen
