1722 3086
147 127 251 170 420
290 114 465 160 LIBER
485 113 541 157 Π.
573 113 699 160 CAP.
724 113 843 158 XIII.
882 114 937 160 A.
961 115 1016 159 V.
1043 114 1092 158 C.
1120 112 1240 169 946.
1275 116 1416 162 CHR.
1430 117 1493 160 N.
1530 129 1648 172 193.

148 244 393 314 σωτηξῖαν,
426 245 787 310 μετεγιίγυωσ-χομ
814 253 827 278 t
857 239 908 294 δὲ
948 230 1233 280 consulebant
1279 232 1520 283 concessam
1573 236 1680 284 salu-

146 337 222 388 {w}
255 338 318 387 τῶ
340 336 552 395 ἁνόπλως
582 336 737 388 ἐλθεῖν
761 344 780 361 u
847 342 911 387 m,-
954 323 1057 364 tem,
1082 309 1153 356 sed
1175 312 1527 375 eospoenitebat‚
1557 314 1680 377 quod

294 393 300 403 ¹
793 379 804 398 ²
953 388 1144 433 inermes
1160 384 1343 444 ivissent,
1366 405 1466 434 cum
1488 394 1679 454 turpiter

145 442 299 511 σχξῶς
325 439 405 489 καὶ
440 437 697 509 ἐφυβξῖςως
719 437 910 488 gaam&
950 474 993 510 et
1037 463 1331 524 ignominiose
1372 467 1497 531 capti,
1530 460 1708 515 essentq

240 601 272 646 t)
295 603 358 634 Ms.
377 601 432 633 Ba.
451 605 665 638 μετιγῖνωσκον
690 609 724 630 ν.
743 596 789 630 Ν.
868 601 905 636 ιι)
928 601 995 632 MS.
1015 599 1070 632 Ba.
1089 602 1140 633 ἐπ)
1163 604 1198 633 τὸ
1222 603 1364 639 ἅνὸπλους
1381 603 1504 642 ἐλθεῖν,
1538 600 1593 634 sed
1612 604 1678 638 MS.

148 647 204 682 Vi.
227 649 372 683 ἐνόπλους
390 648 528 682 istim,
553 654 587 677 at
604 648 671 679 Ms-
691 646 752 678 Ve.
778 653 912 677 tantum
930 649 1074 683 ἀνόπλους
1093 657 1129 680 v.
1149 646 1194 679 N.

139 759 207 811 sua
227 761 330 810 ipsius
341 759 459 810 salute
478 757 585 808 pcstbt
614 769 693 796 tuto
712 758 874 808 pericula
893 759 1011 797 adire.
1064 759 1147 798 Alia
1174 773 1329 810 quoque
1358 759 1517 809 syntaxis
1537 773 1594 808 ap.
1615 760 1679 798 Al-

146 813 269 860 ciphr.
296 823 327 858 3,
346 816 404 847 61.
425 819 555 858 p.428.
578 814 728 854 ἇγαπῶ,
760 811 806 856 τῇ
834 818 939 856 ’νας-ς)
968 818 1027 853 τὴν
1051 814 1242 856 ἀναγκαίαν
1269 819 1458 856 πλησμονὴν
1481 812 1678 858 ἐκπορίζων.

146 872 330 898 contentus
343 861 443 910 sum,
482 859 504 896 fi
527 861 655 896 ventri
681 860 906 908 neceffa'riam
921 859 1090 908 saginam
1110 863 1356 909 luppeditem.
1383 863 1501 898 Leisn.

250 914 327 958 Qi
358 922 396 948 et
418 910 456 946 in
480 923 526 946 m.
549 914 620 946 Ox.
648 909 771 950 „Plan
794 908 913 946 Alcib.
938 922 968 946 ι.
999 924 1033 958 p.
1052 913 1141 950 68-“
1173 912 1263 948 dum
1290 913 1369 949 Lat.
1394 910 1595 947 formulam
1614 910 1678 959 Bg.

147 961 203 1008 (v.
228 975 261 1003 2,
290 975 343 1005 vo,
365 964 428 1006 ιζ.)
453 960 607 997 adhibet
629 959 746 997 etiam.
762 960 847 997 Sch.
875 963 1063 999 „contenti
1081 973 1208 1005 erant,
1237 962 1319 998 bom·
1336 961 1605 1002 consulebant,
1630 961 1681 996 ti-

147 1013 309 1049 bentibus
333 1009 468 1048 animis
491 1011 753 1058 acceptabant«
785 1009 845 1046 sed
875 1021 959 1047 cum
989 1011 1100 1048 tertia
1127 1025 1171 1048 ex
1202 1012 1282 1048 lnd.
1306 1013 1390 1053 Sb.,
1424 1010 1569 1057 efistp.
1589 1009 1680 1051 Th..

147 1062 213 1110 qui
244 1073 350 1099 tenet
371 1075 404 1097 v.
428 1060 613 1097 reffiones
635 1060 721 1101 has,
769 1062 803 1106 1)
826 1072 910 1097 cum
931 1060 1099 1109 sequitur
1120 1063 1300 1108 particula
1321 1061 1345 1100 s.
1368 1059 1590 1097 coniunfflo
1611 1063 1679 1102 ἐὰν,

147 1118 196 1149 εἰ.
225 1108 259 1154 ἣν
283 1125 313 1153 1,
333 1128 369 1157 4.
394 1110 466 1148 hui.
490 1110 595 1152 G.i.‚
632 1109 691 1146 cui
713 1109 795 1147 add.
815 1104 874 1152 ἂν,
912 1113 948 1156 2)
971 1123 1055 1148 cum
1079 1110 1249 1159 sequitur
1269 1122 1361 1159 part.
1383 1110 1406 1146 s.
1429 1109 1530 1148 coni.
1552 1106 1605 1147 ὅτι
1629 1109 1679 1146 ib.

146 1163 194 1199 H.
226 1166 262 1209 3)
285 1174 371 1198 cum
392 1160 461 1198 inf.
482 1162 574 1197 G.e.
609 1162 648 1207 4)
670 1171 754 1195 cum
775 1160 946 1208 particip.
964 1161 1014 1197 ib.
1052 1163 1087 1206 5)
1107 1172 1192 1197 cum
1215 1161 1268 1198 rei
1292 1165 1365 1199 dat.
1388 1162 1425 1198 F.
1447 1173 1494 1196 m.
1534 1161 1571 1203 6)
1592 1170 1680 1195 curn

147 1211 200 1249 rei
220 1224 295 1248 acc.
319 1213 356 1248 E.
374 1224 420 1247 rn.
434 1235 444 1252 ,
474 1209 648 1260 ignorans
681 1212 718 1255 7)
738 1209 858 1252 hanc,
889 1223 972 1247 cum
992 1211 1161 1247 absolute
1182 1209 1349 1259 ponitur,
1375 1221 1440 1246 aut
1461 1222 1548 1247 cum
1568 1221 1678 1257 pron.

147 1275 205 1311 ap.
224 1263 342 1298 Dion.
367 1262 413 1297 H.
426 1261 475 1296 T.
494 1273 523 1297 1.
551 1272 633 1302 120,
650 1271 681 1295 2.
703 1260 796 1295 item
824 1263 860 1305 8)
881 1261 981 1296 illam
999 1272 1084 1297 cum
1105 1273 1230 1308 praep.
1247 1265 1299 1299 ἐπὶ
1313 1274 1372 1308 ap.
1389 1260 1473 1309 Vig.
1490 1263 1680 1308 p.216·e.‚

148 1311 194 1349 ad
213 1324 326 1359 quern
346 1324 378 1347 v.
393 1310 440 1348 N.
468 1309 512 1346 it.
534 1310 578 1346 ad
600 1311 691 1346 Luc.
714 1322 747 1350 2,
763 1321 844 1353 51¹·
867 1311 891 1345 l.
906 1315 963 1345 62.
983 1322 1016 1358 p.
1034 1313 1115 1355 566.
1134 1311 1161 1346 l.
1177 1321 1232 1357 30.
1264 1312 1350 1347 Gar.
1371 1310 1416 1346 ad
1434 1314 1576 1354 Ant.p.
1595 1317 1677 1356 198.

148 1375 178 1398 a.
203 1364 248 1399 D.
260 1375 291 1399 e.
304 1373 436 1411 p.202.
451 1371 485 1396 a.
507 1361 553 1395 D.
569 1373 601 1396 e.
627 1372 661 1407 p.
675 1369 754 1405 253·
770 1373 802 1396 e.
830 1357 921 1395 Bud.
937 1360 978 1395 C.
994 1372 1051 1403 45,
1066 1360 1216 1407 50..sqq.
1249 1359 1338 1396 l'oss.
1353 1360 1430 1396 Call
1459 1372 1494 1407 p.
1509 1363 1564 1405 56.
1581 1372 1612 1395 e.
1624 1359 1676 1406 sq.

152 1421 234 1459 187.
247 1427 294 1450 ef
310 1414 374 1460 ΒΕ.
393 1411 438 1447 ad
450 1410 536 1446 Alc.
548 1422 580 1456 p.
595 1419 666 1456 23„
679 1408 784 1444 cuius
799 1409 921 1445 locum
939 1421 958 1445 e
973 1410 1082 1447 Dem.
1095 1408 1244 1458 ignorat
1256 1409 1353 1451 lnd„
1366 1420 1408 1445 ut
1419 1409 1574 1450 ethan.
1592 1419 1677 1444 cum

147 1458 186 1501 ἂν
203 1471 309 1503 1081,
327 1467 382 1505 η,
395 1486 405 1503 ,
426 1472 509 1497 cum
525 1464 582 1497 ἐὰν
598 1468 796 1502 1089,12.,
824 1471 906 1494 cum
922 1458 974 1495 ἔτι
993 1470 1098 1505 1004,
1112 1470 1193 1506 23.;
1224 1471 1307 1495 cum
1319 1458 1488 1506 particip.
1502 1469 1588 1504 739,
1604 1469 1678 1499 πο..
1721 1484 1722 1508 3

145 1526 230 1548 cum
246 1525 319 1548 acc.
332 1511 382 1547 rei
397 1513 456 1550 68,
472 1523 527 1555 ²4·
557 1521 617 1552 70,
634 1520 689 1550 ¹9-
708 1520 747 1545 ct
767 1507 870 1544 fimul
884 1520 968 1544 cum
992 1508 1162 1556 particip.
1183 1519 1245 1552 78,
1267 1520 1299 1552 9.
1333 1508 1392 1545 Rs.
1406 1508 1526 1544 Or.V.
1540 1511 1618 1554 4⁶·
1640 1520 1677 1551 7.

145 1561 189 1599 Is.
213 1574 230 1603 κ
270 1564 359 1608 Lyc.
374 1586 384 1600 ,
421 1562 513 1596 Xen.
532 1559 623 1603 Ἀνβ.
646 1559 747 1594 Mor.
768 1560 853 1606 Cyr.
877 1567 915 1593 et
937 1558 1043 1594 Bach.
1067 1559 1173 1595 Arist.
1198 1559 1297 1595 Kust.
1322 1558 1404 1594 Ael.
1427 1558 1472 1593 V.
1496 1557 1532 1593 h.
1557 1558 1677 1593 Dion.

146 1615 192 1649 H.
217 1613 251 1648 S.
271 1607 321 1647 T.
346 1624 375 1648 ι.
403 1612 520 1647 Dion.
546 1610 587 1646 C.
618 1609 707 1644 Luc.
737 1619 776 1645 et
799 1609 860 1643 Sb.
890 1620 911 1642 e
929 1607 1015 1644 Zos.
1044 1619 1077 1649 1,
1100 1618 1158 1653 39,
1175 1622 1232 1653 4.‚
1266 1608 1325 1644 cui
1347 1607 1431 1643 add.
1455 1620 1487 1649 2,
1507 1618 1567 1653 49,
1595 1619 1621 1642 ι.
1643 1619 1676 1642 e.

143 1663 249 1700 Suid.
273 1661 347 1698 fine
364 1660 502 1707 χρήσει.
565 1659 665 1694 Turn
686 1659 764 1694 Lat
788 1659 851 1705 Bg.
874 1670 895 1693 e
916 1658 951 1693 Ρ.
971 1657 1017 1693 ad
1036 1669 1071 1692 v.
1093 1660 1169 1696 309.
1197 1657 1350 1694 aliunde
1377 1666 1486 1694 tenet
1503 1658 1583 1704 Stp.
1601 1656 1678 1692 Th.

149 1721 278 1756 1,988·
303 1712 351 1747 G.
370 1725 444 1752 m„
474 1709 536 1746 sed
555 1708 602 1744 G.
621 1709 697 1744 Th.
718 1707 793 1744 fine
813 1706 917 1743 [ubst.
946 1706 1048 1749 eius,
1081 1707 1121 1744 in
1141 1719 1218 1754 quo
1239 1707 1363 1755 potius
1385 1715 1468 1750 278,
1489 1717 1545 1754 93.
1569 1706 1679 1748 „Cim

145 1764 230 1799 dare
244 1757 426 1811 salanum
455 1760 502 1795 cf.
523 1759 561 1794 in
576 1771 608 1794 v.
630 1759 691 1793 hoc
705 1768 786 1805 243,
804 1762 880 1799 16..
913 1756 973 1792 sed
993 1756 1174 1804 fineexpl.
1189 1782 1201 1798 ,
1228 1769 1338 1805 quam
1358 1756 1549 1794 sumserim
1569 1758 1679 1806 eBg.,

143 1823 209 1851 aut
233 1812 346 1851 etiam
366 1825 386 1848 e
404 1811 531 1848 Leisn.
547 1830 557 1845 2
595 1808 801 1857 agnoscens
826 1818 864 1844 et
885 1805 947 1843 hic
970 1809 1051 1844 Lat.
1074 1806 1236 1854 aliquam
1257 1806 1396 1844 Nostri.

191 1880 385 1927 μετεγιγν.)
412 1878 484 1913 Ms.
504 1878 562 1912 Ba.
584 1873 739 1923 quidem
760 1886 818 1910 res
839 1873 956 1922 prima
978 1873 1146 1922 pertinet
1162 1875 1205 1910 ad
1225 1873 1466 1921 scripturam,
1495 1884 1567 1921 qua
1580 1871 1627 1910 de
1640 1884 1675 1908 v.

145 1945 182 1974 2,
208 1942 264 1971 12,
287 1946 321 1975 4.
344 1930 382 1965 in
400 1927 519 1974 limpl.
543 1938 598 1967 ν,,
630 1925 734 1972 quod
757 1923 921 1971 compos.
944 1924 1066 1960 Nostri
1087 1924 1296 1971 reperimus
1317 1923 1487 1960 absolute
1513 1921 1677 1970 politum

143 1991 289 2029 praeter
310 1978 394 2028 vig.
409 2003 419 2018 ,
445 1990 501 2024 ap.
523 1976 587 2012 Gs.
611 1976 701 2012 Chr.
716 1988 759 2011 ex
773 1976 905 2012 Herdt.
925 1973 1001 2010 fine
1020 1973 1103 2010 lnd.
1123 1973 1278 2010 cf.Xen.
1295 1974 1385 2020 Ἀγβ.
1404 1982 1442 2009 et
1454 1973 1542 2020 Cyr.
1556 1972 1677 2009 Dion.

140 2034 189 2070 H.
213 2033 246 2066 S.
270 2031 318 2066 T.
337 2042 369 2066 1.
392 2028 472 2073 (ubi
495 2039 533 2062 et
554 2038 640 2062 curn
662 2036 747 2073 gen.
768 2026 838 2067 rei)
859 2024 979 2060 Thuc.
1008 2022 1086 2070 (ubi
1107 2034 1147 2059 et
1166 2036 1251 2059 cum
1271 2022 1341 2060 inf.
1364 2024 1404 2060 it.
1418 2034 1502 2059 curn
1521 2021 1676 2064 acc.rei,

141 2092 184 2119 ut
203 2080 310 2126 Luc.)
332 2080 393 2116 Rs.
415 2079 482 2113 Or.
504 2077 549 2112 V.
571 2079 605 2111 6.
626 2075 773 2116 8.And.
793 2073 854 2111 ubi
877 2086 1030 2122 quoque
1049 2085 1136 2109 cum
1155 2074 1236 2109 adv.
1265 2072 1306 2109 ir.
1330 2074 1442 2110 Dem.
1463 2073 1546 2110 Ael.
1572 2073 1615 2108 V.
1633 2071 1673 2108 h.

141 2143 181 2168 ct
200 2129 298 2166 Plur.
321 2131 434 2171 Krff„
469 2125 530 2162 sed
554 2137 638 2162 cum
660 2137 715 2171 pr.
735 2129 787 2162 ἐπὶ
809 2134 847 2159 et
871 2123 942 2159 dat.
973 2123 1025 2160 rei
1048 2123 1116 2159 lnd
1151 2123 1211 2159 Sb.
1239 2135 1259 2160 e
1277 2123 1391 2169 Xiph.
1415 2133 1454 2159 et
1475 2122 1565 2158 hinc
1593 2120 1673 2158 line

140 2183 229 2223 Vs.,
261 2191 343 2216 tum
375 2169 450 2215 fine
471 2177 552 2212 lnd.
578 2187 633 2222 ap.
661 2175 751 2211 Luc.
774 2184 806 2220 3.
831 2185 908 2220 ¹30·
938 2174 961 2210 l.
983 2185 1064 2216 75.,
1099 2171 1194 2208 ficut
1225 2185 1396 2210 notatam
1425 2170 1542 2213 olim,
1574 2171 1673 2220 hanc

138 2228 346 2268 restionem
369 2240 500 2265 tenere
531 2225 644 2260 ctiam
671 2225 753 2270 Stp.
776 2223 849 2259 Th.
877 2222 1029 2260 aliunde
1059 2234 1098 2259 et
1115 2235 1159 2258 ex
1184 2222 1258 2258 h.l.
1274 2247 1285 2264 ,
1323 2222 1386 2271 qui
1411 2221 1511 2258 casus
1534 2220 1670 2259 tertius
1717 2236 1719 2238 ·

139 2279 275 2318 obieffi
289 2306 299 2322 ‚
326 2279 427 2326 quod
452 2275 608 2316 dicunt,
636 2286 719 2310 cum
742 2287 794 2321 pr.
814 2277 866 2310 ἐπὶ
886 2274 925 2309 in
944 2272 1068 2309 verbis
1081 2272 1183 2309 illius
1197 2272 1359 2321 generis,
1381 2271 1484 2308 unde
1501 2270 1672 2308 nostrum

137 2331 208 2371 est,
244 2341 341 2379 quae
364 2327 503 2364 habent
524 2323 638 2360 animi
660 2334 805 2359 motum
825 2323 848 2358 s.
869 2322 1064 2364 alhaum,
1100 2323 1245 2370 semper
1264 2334 1281 2357 a
1304 2322 1440 2359 Nostro
1459 2320 1690 2361 adhibetur‚·
1721 2347 1722 2354 ,

138 2394 198 2424 et,
229 2381 333 2428 quod
355 2375 613 2416 meminerim,
649 2375 692 2409 ab
713 2374 795 2410 aliis
814 2373 949 2415 etiam,
985 2385 1028 2409 ut
1047 2373 1163 2408 altera
1181 2385 1240 2409 res
1265 2373 1335 2408 Ms.
1363 2374 1420 2409 Ba.
1441 2376 1497 2409 ἐπὶ
1517 2377 1557 2408 τὸ
1578 2372 1670 2413 ἔλθ’..
1720 2402 1722 2411 ,

137 2442 253 2478 atque
274 2428 367 2465 adeo
388 2439 458 2463 acc.
481 2426 533 2462 rei
559 2422 636 2471 post
657 2436 710 2471 pr.
729 2428 805 2464 ἐπὶ,
832 2422 999 2469 quamvis
1020 2421 1059 2458 in
1080 2421 1162 2460 aliis
1175 2434 1208 2457 v.
1230 2435 1265 2458 v.
1287 2422 1406 2459 variet
1425 2419 1668 2469 acprocedan

136 2492 264 2518 tamen
284 2480 325 2515 in
347 2479 417 2514 hoc
438 2475 590 2523 quidem
610 2474 810 2510 verborum
830 2484 969 2521 genere
985 2471 1113 2519 potius
1137 2470 1180 2508 fit
1207 2484 1228 2508 e
1248 2472 1349 2519 lapsu
1369 2471 1515 2508 solen-i
1546 2469 1585 2507 in
1602 2482 1668 2506 vo-

135 2530 280 2566 calibus
298 2545 314 2566 ο
336 2538 375 2564 et
391 2545 439 2569 ω,
473 2526 512 2561 in
536 2523 688 2571 primis,
714 2535 800 2571 ,eum
827 2533 867 2558 et
885 2523 978 2559 Mss.
999 2521 1066 2558 rel.
1088 2533 1264 2558 maneant
1282 2521 1321 2558 in
1344 2523 1439 2570 vulg.
1468 2520 1564 2562 dat.;
1593 2521 1665 2556 ser-

134 2592 246 2616 vante
264 2578 349 2615 Sch.
366 2576 500 2625 partim
526 2576 561 2610 P.
590 2590 655 2618 „u-
675 2577 700 2610 ἐ.
721 2569 849 2620 τούτῳ,
877 2571 1085 2619 ρενιαςίίεο
1102 2572 1259 2607 dolentes
1269 2583 1376 2609 erant
1386 2571 1573 2621 superbae
1594 2577 1664 2606 πεί(

131 2643 153 2667 e
172 2630 308 2676 quibus
329 2626 402 2664 dari
425 2635 574 2674 poterat
592 2622 735 2670 aliquid
758 2621 896 2663 limile,
923 2620 997 2658 fine
1019 2620 1100 2658 casu
1121 2621 1221 2663 alio,
1257 2623 1420 2658 dolebant
1443 2633 1532 2658 vero
1551 2621 1592 2658 ob
1609 2619 1662 2662 id,

131 2683 227 2729 quod
241 2677 326 2720 rel.,
354 2678 521 2713 servante
540 2674 651 2710 etiarn
674 2674 711 2709 P.
730 2677 766 2710 δὲ
786 2672 849 2709 suo
868 2670 1016 2708 ordine.

178 2729 344 2773 ὲυὸπλως)
370 2725 517 2762 Κεθιῐυς
542 2722 582 2760 in
602 2723 698 2763 Cod.
717 2723 883 2764 ἀνόπλους
904 2724 981 2762 ἐλθ.
1039 2721 1253 2771 occeperat
1281 2719 1473 2759 librarium
1501 2718 1660 2769 sequens

123 2785 276 2828 αἰσχρῶς
292 2794 323 2816 κ.
340 2781 397 2825 ἐφ.
423 2773 560 2814 Stroth.
