1717 3082
24 113 221 158 ‚LIBER
239 112 296 156 II.
334 112 460 158 CAP.
475 112 593 156 XIV.
625 114 680 158 A.
703 113 758 156 V.
783 113 833 157 C.
860 111 983 168 946.
1015 113 1155 158 CHR.
1178 114 1240 156 N.
1266 125 1383 169 193.
1427 126 1533 172 449

11 223 87 281 τὴν
112 219 264 294 ἔξοδον
289 233 303 260 t
336 222 577 294 συνεκξὸτει
607 224 654 273 τὲ
688 224 765 273 καὶ
805 245 1118 311 conflabatque
1143 248 1339 313 undique
1373 253 1531 297 exerci-

12 299 311 362 παὺταχόθεν
333 300 584 371 ςξοίτευμοι,
605 300 654 349 ἔκ
676 321 724 348 τε
739 312 761 335 u

13 379 95 427 τῶν
118 373 248 427 nard
275 375 348 433 τὴν
369 377 565 427 Ἰταλίαν
590 373 761 425 πόλεων
799 377 919 422 tum>
967 383 1070 412 cum
1108 385 1159 413 ex
1193 370 1346 416 Italiae
1381 372 1528 417 civita-

106 521 136 564 t)
163 522 227 553 Ms.
247 518 301 550 1³2.
323 519 438 556 ἔξοδον·
465 531 493 549 c.
512 523 602 550 ⁷3-—
619 527 788 550 caeterum
807 517 856 550 nil
875 500 992 551 variat.
1012 521 1121 552 Mare.
1146 531 1207 552 nec
1225 522 1326 554 tacite
1345 524 1429 555 Mss.
1451 523 1529 559 rel„

16 575 50 598 at
68 567 138 606 Ing.
158 565 234 596 edd.
251 565 411 606 συνεκρότει
430 575 464 594 τι
481 577 588 600 narr„
620 574 660 595 ut
684 563 755 605 post
773 566 816 602 ἐξ.
836 566 994 606 pun-stum
1022 566 1056 596 in
1086 568 1128 597 A.
1148 575 1204 602 2.,
1234 567 1289 598 sed
1314 570 1354 598 A.
1373 578 1402 600 r.
1423 569 1526 599 colon

15 611 295 689 totgaaiiumvlvlgi
317 609 393 647 ssg.‚
422 618 455 638 v.
472 608 517 641 N.
589 612 622 647 u)
651 621 686 640 τε
707 608 794 641 abest
812 609 846 640 in
859 610 898 641 A.
920 609 987 647 al.,
1016 609 1137 652 quibus
1157 622 1217 642 nee
1236 611 1310 653 post
1325 623 1411 654 ςςατ.
1437 623 1530 644 com-

165 674 177 692 ,
233 675 241 684 .
297 675 306 683 .

14 763 192 805 variavit.
218 763 280 801 sed
301 773 341 800 et
366 774 532 811 tempora
555 765 694 802 diversa
723 764 806 808 ista,
834 778 908 802 aor.
934 778 964 801 r.
984 778 1068 803 cum
1090 766 1218 815 impf.,
1248 768 1461 817 copulavit,
1484 780 1528 805 ut

13 815 121 862 saepe
135 839 146 855 ,
179 826 264 852 curn
290 815 376 849 Mss.
397 815 460 849 rel.
489 814 652 851 faciente
669 816 708 850 P.
724 816 876 861 potius,
905 828 1115 864 quanquam
1138 818 1307 861 oblique,
1333 832 1354 854 e
1375 832 1449 866 quo
1466 821 1528 866 ng.

12 864 94 901 Lat.
113 863 302 912 (ignotum
321 866 400 909 Stp.
420 863 512 904 Th.)
531 865 641 899 etiam
663 864 704 899 in
723 864 772 911 sq.
791 864 971 904 formula.
1002 878 1038 902 at
1059 867 1130 912 Stp.
1156 867 1229 902 Th.
1251 878 1281 912 ζ,
1302 877 1380 908 822.
1403 869 1452 903 D.
1476 881 1527 903 m.

14 913 189 954 aliunde,
231 910 280 948 cf.
304 923 388 947 cum
416 924 468 958 pr.
490 914 573 958 πςδς
597 914 676 949 lnd.
698 914 823 954 Dem.,
859 913 918 949 cui
949 914 1029 949 add.
1055 924 1134 958 158,
1158 925 1231 961 13.‚
1266 928 1305 952 et
1329 917 1394 952 lib.
1415 917 1462 952 de
1483 918 1529 952 V.

13 963 112 999 med.
136 962 187 997 Fi.
210 975 243 1009 p.
269 965 350 1007 366.
369 972 401 995 e.
425 958 534 1003 »τούς
552 977 590 998 τε
610 983 644 990 -—
663 966 709 1008 ἐξ.
724 988 735 1003 ,
768 974 952 998 occurrere
979 963 1074 999 iuffit
1101 965 1302 1000 militibus«
1325 964 1401 1001 fine
1425 965 1529 1003 sensu

12 1013 84 1048 hue
102 1010 225 1047 trastis
246 1023 267 1046 e
286 1011 364 1057 sqq.
388 1010 428 1044 P.
448 1011 492 1045 ad
516 1009 549 1056 §.
568 1022 681 1051 εχιτ..
715 1011 772 1047 sed
792 1014 851 1058 ssg.
871 1010 1033 1048 severius
1055 1013 1100 1047 ad
1122 1026 1156 1053 2,
1180 1025 1233 1056 ιι,
1258 1026 1311 1056 19.
1332 1027 1477 1062 agente.

63 1058 190 1106 ωἱνεκς.
211 1064 250 1097 τὲ
267 1061 314 1104 κ.)
337 1061 416 1095 Aut
441 1059 623 1096 redundat
653 1062 783 1096 vocula
812 1060 885 1104 κινῆ,
929 1073 992 1097 aut
1021 1061 1099 1108 post
1129 1074 1209 1098 earn
1238 1062 1335 1100 deest
1362 1066 1528 1100 verbum.

13 1109 130 1158 Steph.
156 1110 232 1151 m),
258 1106 325 1144 nisi
349 1120 413 1155 pro
434 1110 541 1143 etiam
559 1109 745 1155 capiatur,
783 1108 965 1155 superflua
984 1110 1056 1151 est;
1090 1122 1130 1147 et
1150 1123 1232 1148 curn
1254 1113 1304 1159 sq.
1323 1113 1427 1149 versu
1449 1114 1530 1159 post

12 1164 50 1198 ἐκ
70 1161 109 1196 in
127 1161 172 1196 A.
193 1170 232 1195 et
255 1161 292 1194 B.
319 1157 377 1193 ed.
407 1169 484 1192 non
506 1156 545 1192 fit
568 1159 702 1205 copula
721 1164 784 1198 τέ,
815 1157 894 1194 fieri
919 1158 1062 1205 potest.
1096 1172 1139 1197 ut
1167 1160 1400 1197 librariorum
1432 1162 1528 1198 vitio

14 1221 206 1258 perperam
226 1220 246 1244 e
269 1206 457 1254 posteriori
479 1207 644 1243 membro
666 1208 708 1244 in
725 1207 952 1255 praecedens
975 1207 1089 1245 fuerit
1108 1210 1290 1246 translata.
1310 1213 1401 1257 Syll).
1455 1213 1528 1248 Pro

13 1263 56 1296 τὲ
75 1259 148 1307 leg.
169 1262 214 1295 δέ.
242 1254 360 1292 Reisk.

71 1343 76 1347 ,
115 1309 212 1343 Cum
231 1307 320 1343 Mss.
341 1304 381 1341 in
399 1311 438 1342 τὲ
460 1304 580 1352 primo
599 1315 726 1342 manet
744 1306 803 1347 P.‚
829 1303 892 1342 etfi
913 1304 968 1348 xx?
981 1306 1182 1353 opprimit,
1210 1307 1429 1346 sumendum
1443 1309 1531 1346 sane

14 1369 82 1406 pro
105 1357 214 1393 etiam
235 1356 258 1392 s.
275 1364 486 1403 praeterea,
513 1354 564 1391 cf.
587 1367 622 1394 2,
642 1367 677 1398 7,
702 1367 757 1398 2.,
782 1354 947 1391 iunctum
968 1355 1103 1392 iterum
1126 1355 1250 1392 vicino
1268 1365 1330 1399 τὲ,
1357 1360 1459 1406 quod
1472 1373 1528 1396 re-

12 1407 134 1443 fertur
150 1405 194 1441 ad
213 1418 265 1452 pr.
284 1410 346 1443 τὲ,
374 1413 416 1440 ut
436 1403 486 1451 sq.
506 1410 545 1440 τὲ
566 1403 643 1450 post
662 1408 698 1441 ἐκ
720 1405 764 1440 ad
783 1404 835 1452 sq.
859 1404 914 1446 m.)
933 1420 1007 1450 59„
1033 1417 1071 1441 at
1093 1405 1186 1443 illud
1205 1406 1342 1444 deinde
1367 1408 1401 1445 εἴ
1424 1426 1461 1445 τε
1481 1423 1528 1451 Α..

13 1456 218 1492 cohaerens
238 1465 321 1490 cum
341 1453 390 1500 sq.
413 1466 448 1488 v.
465 1452 572 1489 finito
593 1457 756 1495 ἐκέλευεν,
782 1453 944 1489 refertur
965 1456 1007 1490 ad
1032 1468 1081 1501 pr.
1103 1455 1178 1490 duo
1201 1467 1344 1493 tantum
1358 1481 1369 1497 ,
1403 1458 1531 1494 fimili-

17 1517 76 1542 ter
95 1503 269 1540 habentia
295 1501 394 1538 finiti
417 1501 595 1548 temporis
625 1505 732 1538 verba
763 1509 840 1544 τούς
859 1520 898 1540 τε
915 1524 956 1532 ·—
977 1508 1144 1545 ἐκέλευσε,
1163 1524 1199 1530 -
1220 1516 1405 1553 συνεκρότει
1423 1514 1462 1544 τὲ
1480 1520 1529 1548 a,

17 1567 105 1590 cum
126 1552 187 1588 illa
207 1551 397 1588 interi-esta
417 1558 508 1589 τὲ-
528 1550 582 1593 καλ
603 1551 700 1587 stent
718 1563 801 1587 cum
822 1551 1037 1599 panicipp„
1073 1554 1111 1589 in
1133 1555 1295 1590 notione
1317 1558 1417 1593 modi
1435 1557 1529 1592 acci-

18 1602 166 1651 piendis
189 1614 253 1648 per
273 1602 351 1637 Lat.
371 1602 452 1636 dum
472 1601 662 1640 voculam3
697 1602 764 1637 tria
784 1600 941 1640 Nostro,
968 1614 1087 1648 eaque
1102 1603 1253 1645 diversa,
1277 1606 1459 1647 tradente,
1488 1617 1530 1641 ut

17 1651 140 1699 primo
160 1651 313 1685 Severus
333 1650 541 1695 praesentes
561 1649 632 1683 iam
655 1650 751 1695 apud
780 1651 815 1686 se
842 1650 980 1686 milites
1010 1650 1147 1686 iull‘erit
1169 1664 1293 1697 parare
1322 1653 1359 1690 se
1387 1656 1432 1689 ad
1453 1654 1531 1690 abi-

17 1711 121 1738 tum,
163 1696 300 1733 deinde
330 1708 515 1743 praeterea
550 1697 748 1744 collegerit
786 1698 988 1734 exercitum
1027 1712 1188 1741 novum,
1226 1701 1339 1748 idque
1367 1705 1529 1750 undique,

17 1747 139 1796 (quod
159 1745 295 1781 deinde
314 1745 545 1790 explicatur,
579 1748 667 1781 dum
690 1758 729 1781 et
749 1759 791 1781 ex
812 1747 964 1783 urbibus
987 1759 1052 1793 per
1073 1749 1212 1784 ltaliam
1246 1750 1399 1789 iuvenes
1417 1753 1528 1788 arces-

16 1799 134 1835 seret.
160 1805 200 1831 et
223 1794 318 1830 inter
345 1792 482 1829 milites
502 1794 703 1840 reciperet,
730 1805 794 1830 aut
813 1795 835 1829 fi
858 1794 973 1830 essent
990 1795 1119 1838 rudes,
1148 1811 1336 1835 exerceret
1358 1800 1395 1836 in
1419 1801 1530 1837 arinis

0 1843 58 1883 'et
78 1845 121 1880 ad
145 1844 283 1879 bellum
306 1842 531 1885 instruam)
552 1842 664 1877 tertio
683 1842 845 1890 denique
865 1843 1066 1890 imperarit,
1102 1857 1144 1882 ut
1161 1846 1284 1884 secum
1305 1850 1479 1897 iungeret
1494 1851 1531 1887 se

18 1893 203 1932 exercitus
217 1917 227 1932 ,
255 1891 318 1939 qui
338 1890 375 1926 in
396 1891 541 1938 Illyrico
559 1890 706 1926 relistus
728 1904 828 1932 erat,
866 1893 931 1928 ubi
951 1893 1011 1928 hic
1033 1893 1071 1928 in
1092 1895 1288 1932 Thraciam
1309 1899 1532 1942 adveniffet;

18 1954 147 1979 contra
169 1953 262 1987 quae
291 1943 352 1988 eg.
380 1952 458 1975 non
485 1939 598 1975 modo
617 1939 672 1982 md*
695 1953 781 1977 ante
798 1957 898 1978 παπ.
921 1943 1090 1989 perimit,
1132 1955 1177 1980 ut
1198 1945 1284 1981 alibi
1312 1960 1380 1995 pro
1410 1950 1530 1991 etiam,

18 1992 80 2030 sed
95 2002 246 2038 quoque
265 1988 428 2026 medium
448 1989 538 2025 illud
559 1994 596 2024 τὲ
617 1989 694 2035 post
713 1995 749 2027 ἐκ
770 1993 922 2036 copulat
935 2003 1019 2026 cum
1042 1992 1088 2039 sq.
1111 1999 1150 2029 τὲ
1163 1994 1241 2040 post
1253 2001 1293 2032 εἰ,
1323 2008 1364 2031 ut
1376 2009 1418 2033 ex
1438 2000 1530 2033 rela-

17 2041 66 2079 tis
86 2040 130 2074 ad
149 2039 182 2074 se
199 2052 322 2075 cum—
339 2048 411 2073 tum
436 2049 556 2084 patet,
580 2037 681 2085 quod
703 2050 825 2074 tamen
845 2051 924 2075 non
948 2041 1142 2086 procedit,
1171 2044 1258 2089 quia
1278 2046 1356 2091 post
1367 2047 1532 2084 medium

18 2089 114 2128 illud
138 2094 176 2126 τὲ
203 2087 254 2124 est
283 2086 452 2134 particip.
475 2102 572 2130 μετ..
607 2097 646 2122 et
675 2088 754 2134 post
772 2088 822 2134 sq.
851 2094 891 2126 τὲ
912 2096 945 2126 v.
966 2087 1134 2132 finitum,
1169 2104 1262 2139 quae
1279 2106 1356 2129 non
1384 2097 1531 2141 poss'unt

17 2138 143 2180 coire,
177 2135 390 2183 decipiente
409 2148 491 2171 eum
516 2137 574 2176 P„
611 2135 675 2182 qui
698 2147 736 2172 et
756 2136 831 2182 ipse
851 2138 945 2173 illud
966 2144 1006 2175 τὲ
1028 2140 1193 2176 medium
1212 2154 1288 2178 non
1307 2144 1404 2180 reste
1422 2146 1529 2186 rexit,

17 2188 112 2224 liber
132 2187 232 2223 idem
251 2196 290 2221 et
309 2197 432 2221 errans
455 2184 493 2220 in
514 2185 578 2220 rel.
597 2184 704 2221 huius
722 2185 886 2234 regionis
905 2197 944 2222 et
956 2187 1004 2235 sq.
1019 2214 1028 2228 ,
1061 2200 1103 2225 ut
1123 2202 1201 2226 non
1221 2190 1340 2228 solum
1358 2196 1434 2240 lng.
1447 2206 1533 2239 pro-

19 2237 212 2285 perantius
237 2234 370 2270 iterum
392 2233 589 2270 obsecutae
609 2233 678 2270 fint
694 2236 771 2281 Stp.
785 2258 797 2275 ‚
833 2235 893 2271 sed
913 2248 1065 2284 quoque
1083 2240 1127 2273 ab
1150 2239 1234 2275 edd.
1250 2247 1290 2277 τὲ
1314 2240 1354 2277 lit
1374 2243 1533 2280 eieffium

20 2296 85 2322 aut
106 2296 300 2331 operarum
319 2283 435 2324 vitio,
473 2294 535 2317 aut
564 2283 705 2327 pruritu
737 2285 975 2327 correuoris,
1010 2288 1212 2323 rectionem
1235 2302 1315 2326 non
1337 2291 1533 2336 capientis,

20 2335 110 2370 dum
127 2332 261 2370 Noster
279 2331 393 2367 variat
410 2332 450 2367 in
468 2331 716 2385 sq353027-svuoe
737 2345 813 2368 non
835 2333 954 2369 solum
975 2346 1059 2370 curn
1082 2349 1134 2382 pr.
1151 2339 1229 2377 τούς
1248 2354 1319 2384 sq„
1346 2340 1407 2376 sed
1420 2340 1532 2377 etiam

21 2395 106 2419 cum
126 2383 158 2430 ᾗ.
184 2393 214 2417 1.
241 2382 371 2427 ega-nii.
399 2385 502 2424 (mox
521 2390 654 2416 iterum
675 2383 881 2419 variaturus
901 2396 965 2430 per
983 2388 1043 2421 τοῦ
1063 2389 1311 2430 §exrema-moi.)
1332 2399 1375 2424 ut
1392 2402 1458 2435 per
1469 2391 1532 2426 ad-

22 2432 188 2469 iunRum
204 2430 277 2465 hoc
296 2428 401 2464 subst.
420 2428 459 2465 τὲ
478 2445 527 2474 sq.
549 2441 632 2464 cum
654 2430 732 2478 syn.
761 2442 789 2472 ι,
808 2436 842 2470 6,
866 2441 897 2472 3.
911 2445 944 2469 e.
980 2444 1010 2473 ι,
1030 2446 1062 2476 9,
1084 2435 1150 2480 3.i.
1169 2437 1214 2471 ad
1238 2449 1268 2470 v.
1288 2451 1429 2481 eamq„
1464 2437 1529 2476 ubi

22 2480 107 2516 sch.
132 2479 264 2527 partim
287 2490 306 2512 e
327 2479 365 2513 P.
389 2478 649 2517 „contrahebat
666 2479 754 2515 und,
779 2481 918 2528 copias,
949 2481 1005 2522 (in
1024 2481 1079 2522 καὶ
1101 2484 1179 2529 post
1204 2484 1262 2519 illa
1288 2487 1332 2521 ad
1352 2499 1385 2528 2,
1405 2500 1459 2527 12,
1481 2499 1530 2531 7..

24 2540 108 2565 cum
142 2541 208 2575 pro
241 2528 348 2563 etiam
372 2525 602 2572 explicasset,
638 2527 790 2573 addens)
819 2530 922 2576 quod
953 2530 1120 2566 limiliter
1150 2533 1373 2570 censendum
1403 2538 1448 2572 de
1476 2535 1532 2579 no)

24 2592 201 2622 wau-mx„
231 2576 296 2612 ubi
316 2577 396 2621 Stp.
420 2575 475 2614 xo)
497 2577 553 2611 vel
571 2577 791 2619 redundare,
817 2578 874 2614 vel
897 2579 974 2623 post
992 2579 1080 2614 illud
1101 2580 1217 2617 deess'e
1236 2584 1388 2619 verbum
1405 2596 1533 2631 pucat3

55 2639 182 2662 uorum
202 2636 376 2661 neutrum
406 2623 560 2660 statuere
579 2637 673 2672 opus
691 2625 762 2669 est,
796 2625 820 2662 fi
838 2642 867 2662 κ.
890 2639 1098 2673 exponatur
1118 2630 1239 2665 etiam.
1295 2634 1346 2667 lta
1376 2645 1414 2669 et
1439 2636 1532 2671 812«

38 2687 98 2710 me
117 2676 180 2711 Vs.
201 2672 417 2722 ptoferente
438 2674 518 2718 Stp.
535 2673 606 2708 Th.
626 2687 660 2714 2,
674 2685 759 2720 458.
780 2677 818 2711 F.
831 2689 863 2711 e.
886 2676 975 2712 hinc
1002 2686 1216 2724 „ev-anebrse
1233 2695 1334 2716 παπ.
1361 2688 1533 2727 ςράτευμκ

41 2739 59 2760 κ
77 2731 142 2762 τῶν
159 2743 196 2752 -
214 2729 322 2762 που(
350 2734 414 2770 per
431 2721 514 2759 lest.
535 2722 600 2764 al.,
636 2723 676 2760 in
697 2723 747 2772 sq.
772 2723 935 2761 formula
960 2734 1023 2763 τῶν
1042 2743 1073 2763 κ.
1096 2728 1259 2765 variante
1280 2730 1418 2767 Nostro
1447 2744 1534 2769 curn

829 2780 914 2825 Ff
