<?xml version="1.0" encoding="UTF-8"?>
<!DOCTYPE html PUBLIC "-//W3C//DTD XHTML 1.0 Transitional//EN"
    "http://www.w3.org/TR/xhtml1/DTD/xhtml1-transitional.dtd">
<html xmlns="http://www.w3.org/1999/xhtml" xml:lang="en" lang="en">
 <head>
  <title>
</title>
<meta http-equiv="Content-Type" content="text/html;charset=utf-8" />
  <meta name='ocr-system' content='tesseract 3.04.00' />
  <meta name='ocr-capabilities' content='ocr_page ocr_carea ocr_par ocr_line ocrx_word'/>
</head>
<body>
  <div class='ocr_page' id='page_1' title='image "./historiarumlibri02hero/historiarumlibri02hero_0132.png"; bbox 0 0 1722 3086; ppageno 0'>
   <div class='ocr_carea' id='block_1_1' title="bbox 152 86 1596 151">
    <p class='ocr_par' dir='ltr' id='par_1_1' title="bbox 152 86 1596 151">
     <span class='ocr_line' id='line_1_1' title="bbox 152 86 1596 151; baseline 0.006 -20"><span class='ocrx_word' id='word_1_1' title='bbox 152 91 219 136; x_wconf 80' lang='lat'>88</span> <span class='ocrx_word' id='word_1_2' title='bbox 302 87 472 132; x_wconf 84' lang='lat' dir='ltr'>LIBER</span> <span class='ocrx_word' id='word_1_3' title='bbox 490 86 546 131; x_wconf 86' lang='grc' dir='ltr'>ΙΙ.</span> <span class='ocrx_word' id='word_1_4' title='bbox 589 88 715 134; x_wconf 84' lang='lat' dir='ltr'>CAP.</span> <span class='ocrx_word' id='word_1_5' title='bbox 736 89 814 134; x_wconf 86' lang='lat'>111.</span> <span class='ocrx_word' id='word_1_6' title='bbox 851 90 905 136; x_wconf 89' lang='lat' dir='ltr'>A.</span> <span class='ocrx_word' id='word_1_7' title='bbox 931 92 986 137; x_wconf 91' lang='lat' dir='ltr'>V.</span> <span class='ocrx_word' id='word_1_8' title='bbox 1013 92 1063 139; x_wconf 90' lang='lat' dir='ltr'>C.</span> <span class='ocrx_word' id='word_1_9' title='bbox 1082 89 1204 149; x_wconf 85' lang='lat'>946.</span> <span class='ocrx_word' id='word_1_10' title='bbox 1237 92 1454 141; x_wconf 89' lang='lat' dir='ltr'>CHR.N.</span> <span class='ocrx_word' id='word_1_11' title='bbox 1476 105 1596 151; x_wconf 83' lang='lat'>193.</span> 
     </span>
    </p>
   </div>
   <div class='ocr_carea' id='block_1_2' title="bbox 101 201 1722 436">
    <p class='ocr_par' dir='ltr' id='par_1_2' title="bbox 101 201 1722 436">
     <span class='ocr_line' id='line_1_2' title="bbox 154 201 1722 282; baseline 0.01 -34"><span class='ocrx_word' id='word_1_12' title='bbox 154 201 660 272; x_wconf 70' lang='grc' dir='ltr'>,,εόφςαῖνειέλευθεξῖοι,</span> <span class='ocrx_word' id='word_1_13' title='bbox 684 203 739 261; x_wconf 78' lang='grc' dir='ltr'>ὠς</span> <span class='ocrx_word' id='word_1_14' title='bbox 749 211 894 254; x_wconf 74' lang='grc' dir='ltr'><em>λυπεῖ</em></span> <span class='ocrx_word' id='word_1_15' title='bbox 918 205 1068 278; x_wconf 73' lang='lat' dir='ltr'>fendit</span> <span class='ocrx_word' id='word_1_16' title='bbox 1112 207 1320 280; x_wconf 78' lang='lat' dir='ltr'>servitus:</span> <span class='ocrx_word' id='word_1_17' title='bbox 1382 228 1513 281; x_wconf 81' lang='lat' dir='ltr'>neque</span> <span class='ocrx_word' id='word_1_18' title='bbox 1550 211 1673 282; x_wconf 67' lang='lat' dir='ltr'>quis·</span> <span class='ocrx_word' id='word_1_19' title='bbox 1719 211 1722 236; x_wconf 56' lang='lat'>²</span> 
     </span>
     <span class='ocr_line' id='line_1_3' title="bbox 101 272 1673 357; baseline 0.009 -31"><span class='ocrx_word' id='word_1_20' title='bbox 101 282 103 286; x_wconf 81' lang='grc'><strong>“</strong></span> <span class='ocrx_word' id='word_1_21' title='bbox 152 272 367 342; x_wconf 59' lang='grc' dir='ltr'>»δουλεία</span> <span class='ocrx_word' id='word_1_22' title='bbox 379 283 412 326; x_wconf 83' lang='lat'>².</span> <span class='ocrx_word' id='word_1_23' title='bbox 466 272 564 328; x_wconf 65' lang='grc' dir='ltr'>οὐδέ</span> <span class='ocrx_word' id='word_1_24' title='bbox 575 301 651 344; x_wconf 81' lang='grc' dir='ltr'><strong><em>τις,</em></strong></span> <span class='ocrx_word' id='word_1_25' title='bbox 676 276 824 338; x_wconf 66' lang='grc' dir='ltr'><em>αἰδεῶς</em></span> <span class='ocrx_word' id='word_1_26' title='bbox 836 279 896 332; x_wconf 75' lang='grc' dir='ltr'>τοὶ</span> <span class='ocrx_word' id='word_1_27' title='bbox 934 303 1088 354; x_wconf 78' lang='lat' dir='ltr'>quam,</span> <span class='ocrx_word' id='word_1_28' title='bbox 1141 283 1284 353; x_wconf 59' lang='grc' dir='ltr'>[ἔσηνε</span> <span class='ocrx_word' id='word_1_29' title='bbox 1309 281 1400 357; x_wconf 86' lang='lat' dir='ltr'>sua</span> <span class='ocrx_word' id='word_1_30' title='bbox 1438 284 1673 356; x_wconf 82' lang='lat' dir='ltr'>poffidens‚</span> 
     </span>
     <span class='ocr_line' id='line_1_4' title="bbox 155 353 1674 436; baseline 0.01 -34"><span class='ocrx_word' id='word_1_31' title='bbox 155 355 346 418; x_wconf 51' lang='grc' dir='ltr'>υἑαυτοῦ</span> <span class='ocrx_word' id='word_1_32' title='bbox 358 353 482 418; x_wconf 75' lang='grc' dir='ltr'><em>ἔχων,</em></span> <span class='ocrx_word' id='word_1_33' title='bbox 516 355 896 428; x_wconf 67' lang='grc' dir='ltr'>ἐνχαῖςιτοςμοῖξᾳ</span> <span class='ocrx_word' id='word_1_34' title='bbox 935 360 985 411; x_wconf 82' lang='lat' dir='ltr'>id</span> <span class='ocrx_word' id='word_1_35' title='bbox 1002 380 1095 431; x_wconf 77' lang='lat' dir='ltr'>pro</span> <span class='ocrx_word' id='word_1_36' title='bbox 1125 361 1324 432; x_wconf 70' lang='lat' dir='ltr'>beneficio</span> <span class='ocrx_word' id='word_1_37' title='bbox 1353 373 1548 433; x_wconf 77' lang='lat' dir='ltr'>reputat,</span> <span class='ocrx_word' id='word_1_38' title='bbox 1574 361 1674 436; x_wconf 81' lang='lat' dir='ltr'>suis</span> 
     </span>
    </p>
   </div>
   <div class='ocr_carea' id='block_1_3' title="bbox 243 487 1322 535">
    <p class='ocr_par' dir='ltr' id='par_1_3' title="bbox 243 487 1322 535">
     <span class='ocr_line' id='line_1_5' title="bbox 243 487 1322 535; baseline 0.006 -17"><span class='ocrx_word' id='word_1_39' title='bbox 243 489 277 526; x_wconf 83' lang='lat'>2)</span> <span class='ocrx_word' id='word_1_40' title='bbox 303 487 340 520; x_wconf 79' lang='lat' dir='ltr'>B.</span> <span class='ocrx_word' id='word_1_41' title='bbox 356 495 388 520; x_wconf 79' lang='grc' dir='ltr'><strong>Ι.</strong></span> <span class='ocrx_word' id='word_1_42' title='bbox 405 488 445 521; x_wconf 89' lang='lat' dir='ltr'>R.</span> <span class='ocrx_word' id='word_1_43' title='bbox 463 487 567 520; x_wconf 83' lang='lat' dir='ltr'>colon</span> <span class='ocrx_word' id='word_1_44' title='bbox 585 488 640 521; x_wconf 79' lang='lat' dir='ltr'>hic</span> <span class='ocrx_word' id='word_1_45' title='bbox 658 489 841 523; x_wconf 81' lang='lat' dir='ltr'>conveniat</span> <span class='ocrx_word' id='word_1_46' title='bbox 859 501 936 523; x_wconf 87' lang='lat' dir='ltr'>cum</span> <span class='ocrx_word' id='word_1_47' title='bbox 956 492 1099 535; x_wconf 74' lang='lat' dir='ltr'>repertis</span> <span class='ocrx_word' id='word_1_48' title='bbox 1119 493 1153 524; x_wconf 82' lang='lat' dir='ltr'>in</span> <span class='ocrx_word' id='word_1_49' title='bbox 1172 494 1238 526; x_wconf 87' lang='lat' dir='ltr'>Ms.</span> <span class='ocrx_word' id='word_1_50' title='bbox 1264 493 1322 533; x_wconf 85' lang='lat' dir='ltr'>Bg.</span> 
     </span>
    </p>
   </div>
   <div class='ocr_carea' id='block_1_4' title="bbox 123 598 1722 2796">
    <p class='ocr_par' dir='ltr' id='par_1_4' title="bbox 151 598 1722 1097">
     <span class='ocr_line' id='line_1_6' title="bbox 155 598 1677 653; baseline 0.009 -19"><span class='ocrx_word' id='word_1_51' title='bbox 155 610 239 635; x_wconf 88' lang='lat' dir='ltr'>cum</span> <span class='ocrx_word' id='word_1_52' title='bbox 261 612 304 635; x_wconf 82' lang='lat' dir='ltr'>ac</span> <span class='ocrx_word' id='word_1_53' title='bbox 333 598 383 635; x_wconf 89' lang='lat' dir='ltr'>est</span> <span class='ocrx_word' id='word_1_54' title='bbox 412 600 564 647; x_wconf 81' lang='lat' dir='ltr'>proprie</span> <span class='ocrx_word' id='word_1_55' title='bbox 591 600 651 638; x_wconf 81' lang='lat' dir='ltr'>illa</span> <span class='ocrx_word' id='word_1_56' title='bbox 674 604 768 641; x_wconf 87' lang='lat' dir='ltr'>Xen.</span> <span class='ocrx_word' id='word_1_57' title='bbox 798 604 846 641; x_wconf 90' lang='lat' dir='ltr'>de</span> <span class='ocrx_word' id='word_1_58' title='bbox 870 618 949 653; x_wconf 87' lang='lat' dir='ltr'><strong>rep.</strong></span> <span class='ocrx_word' id='word_1_59' title='bbox 973 605 1060 642; x_wconf 80' lang='lat' dir='ltr'>Lac.</span> <span class='ocrx_word' id='word_1_60' title='bbox 1082 608 1120 646; x_wconf 85' lang='lat'>6,</span> <span class='ocrx_word' id='word_1_61' title='bbox 1141 617 1171 642; x_wconf 78' lang='lat' dir='ltr'>t.</span> <span class='ocrx_word' id='word_1_62' title='bbox 1189 620 1223 644; x_wconf 88' lang='lat' dir='ltr'>e.</span> <span class='ocrx_word' id='word_1_63' title='bbox 1249 605 1369 652; x_wconf 76' lang='grc' dir='ltr'><strong><em>ὅμοίως</em></strong></span> <span class='ocrx_word' id='word_1_64' title='bbox 1389 614 1455 646; x_wconf 69' lang='grc' dir='ltr'>τᾶν</span> <span class='ocrx_word' id='word_1_65' title='bbox 1470 605 1601 647; x_wconf 72' lang='grc' dir='ltr'>ἑαυτοῦ</span> <span class='ocrx_word' id='word_1_66' title='bbox 1617 607 1677 652; x_wconf 66' lang='grc' dir='ltr'>καὶ</span> 
     </span>
     <span class='ocr_line' id='line_1_7' title="bbox 153 644 1674 701; baseline 0.009 -17"><span class='ocrx_word' id='word_1_67' title='bbox 153 656 220 685; x_wconf 77' lang='grc' dir='ltr'>τῶν</span> <span class='ocrx_word' id='word_1_68' title='bbox 243 644 377 688; x_wconf 62' lang='grc' dir='ltr'><em>ἄλλων,</em></span> <span class='ocrx_word' id='word_1_69' title='bbox 410 651 453 685; x_wconf 87' lang='lat' dir='ltr'>ad</span> <span class='ocrx_word' id='word_1_70' title='bbox 476 649 640 697; x_wconf 83' lang='lat' dir='ltr'>priorum</span> <span class='ocrx_word' id='word_1_71' title='bbox 661 653 868 701; x_wconf 79' lang='lat' dir='ltr'>analogiam</span> <span class='ocrx_word' id='word_1_72' title='bbox 887 654 1021 692; x_wconf 82' lang='lat' dir='ltr'>Nostro</span> <span class='ocrx_word' id='word_1_73' title='bbox 1042 654 1144 692; x_wconf 84' lang='lat' dir='ltr'>forte</span> <span class='ocrx_word' id='word_1_74' title='bbox 1161 654 1344 692; x_wconf 85' lang='lat' dir='ltr'>scribente</span> <span class='ocrx_word' id='word_1_75' title='bbox 1362 668 1523 699; x_wconf 85' lang='lat' dir='ltr'>tantum,</span> <span class='ocrx_word' id='word_1_76' title='bbox 1550 669 1674 697; x_wconf 66' lang='lat' dir='ltr'>recen.-</span> 
     </span>
     <span class='ocr_line' id='line_1_8' title="bbox 154 697 1722 753; baseline 0.006 -19"><span class='ocrx_word' id='word_1_77' title='bbox 154 697 255 734; x_wconf 87' lang='lat' dir='ltr'>tibus</span> <span class='ocrx_word' id='word_1_78' title='bbox 277 699 369 736; x_wconf 79' lang='lat' dir='ltr'>meis</span> <span class='ocrx_word' id='word_1_79' title='bbox 389 699 542 746; x_wconf 78' lang='lat' dir='ltr'>quidem</span> <span class='ocrx_word' id='word_1_80' title='bbox 560 700 668 738; x_wconf 91' lang='lat' dir='ltr'>Indd.</span> <span class='ocrx_word' id='word_1_81' title='bbox 689 703 734 739; x_wconf 84' lang='lat' dir='ltr'>de</span> <span class='ocrx_word' id='word_1_82' title='bbox 756 703 882 740; x_wconf 84' lang='lat' dir='ltr'>Nostri</span> <span class='ocrx_word' id='word_1_83' title='bbox 899 704 1073 747; x_wconf 86' lang='lat' dir='ltr'>formula,</span> <span class='ocrx_word' id='word_1_84' title='bbox 1098 716 1139 742; x_wconf 92' lang='lat' dir='ltr'>et</span> <span class='ocrx_word' id='word_1_85' title='bbox 1159 718 1217 741; x_wconf 91' lang='lat' dir='ltr'>me</span> <span class='ocrx_word' id='word_1_86' title='bbox 1238 716 1425 753; x_wconf 83' lang='lat' dir='ltr'>praeterea</span> <span class='ocrx_word' id='word_1_87' title='bbox 1440 707 1603 744; x_wconf 84' lang='lat' dir='ltr'>habente</span> <span class='ocrx_word' id='word_1_88' title='bbox 1616 708 1674 746; x_wconf 87' lang='lat' dir='ltr'>so·</span> <span class='ocrx_word' id='word_1_89' title='bbox 1721 710 1722 714; x_wconf 74' lang='grc'>’</span> 
     </span>
     <span class='ocr_line' id='line_1_9' title="bbox 153 746 1674 802; baseline 0.006 -18"><span class='ocrx_word' id='word_1_90' title='bbox 153 746 236 784; x_wconf 82' lang='lat' dir='ltr'>lum</span> <span class='ocrx_word' id='word_1_91' title='bbox 255 761 301 785; x_wconf 84' lang='lat' dir='ltr'>ex</span> <span class='ocrx_word' id='word_1_92' title='bbox 321 747 427 785; x_wconf 88' lang='lat' dir='ltr'>Isocr.</span> <span class='ocrx_word' id='word_1_93' title='bbox 450 750 533 787; x_wconf 79' lang='lat' dir='ltr'>Pan.</span> <span class='ocrx_word' id='word_1_94' title='bbox 555 762 659 799; x_wconf 84' lang='lat' dir='ltr'>p.93.</span> <span class='ocrx_word' id='word_1_95' title='bbox 679 765 712 789; x_wconf 88' lang='lat' dir='ltr'>e.</span> <span class='ocrx_word' id='word_1_96' title='bbox 740 756 807 799; x_wconf 74' lang='grc' dir='ltr'>οὐχ</span> <span class='ocrx_word' id='word_1_97' title='bbox 825 753 880 798; x_wconf 82' lang='grc' dir='ltr'><strong>ἱμ.</strong></span> <span class='ocrx_word' id='word_1_98' title='bbox 929 754 1002 791; x_wconf 88' lang='lat' dir='ltr'>Sed</span> <span class='ocrx_word' id='word_1_99' title='bbox 1019 754 1103 790; x_wconf 79' lang='lat' dir='ltr'>Sch.</span> <span class='ocrx_word' id='word_1_100' title='bbox 1129 753 1168 790; x_wconf 86' lang='lat' dir='ltr'>in</span> <span class='ocrx_word' id='word_1_101' title='bbox 1196 760 1303 802; x_wconf 63' lang='lat'>”⁶⁶4³-</span> <span class='ocrx_word' id='word_1_102' title='bbox 1326 759 1429 794; x_wconf 80' lang='grc' dir='ltr'><strong><em>τοῦτο</em></strong></span> <span class='ocrx_word' id='word_1_103' title='bbox 1446 756 1590 800; x_wconf 73' lang='grc' dir='ltr'>αὗτοιὶς,</span> <span class='ocrx_word' id='word_1_104' title='bbox 1616 758 1674 793; x_wconf 81' lang='lat' dir='ltr'>ob·</span> 
     </span>
     <span class='ocr_line' id='line_1_10' title="bbox 154 797 1672 854; baseline 0.008 -22"><span class='ocrx_word' id='word_1_105' title='bbox 154 797 265 833; x_wconf 63' lang='lat' dir='ltr'>let‘lat</span> <span class='ocrx_word' id='word_1_106' title='bbox 296 797 369 834; x_wconf 89' lang='lat' dir='ltr'>hoc</span> <span class='ocrx_word' id='word_1_107' title='bbox 396 799 503 835; x_wconf 64' lang='grc' dir='ltr'>ι’ίΙοςα</span> <span class='ocrx_word' id='word_1_108' title='bbox 535 799 681 839; x_wconf 83' lang='lat' dir='ltr'>deserto</span> <span class='ocrx_word' id='word_1_109' title='bbox 700 803 741 840; x_wconf 88' lang='lat' dir='ltr'>P.</span> <span class='ocrx_word' id='word_1_110' title='bbox 770 809 896 851; x_wconf 75' lang='lat' dir='ltr'>(quern</span> <span class='ocrx_word' id='word_1_111' title='bbox 919 806 983 853; x_wconf 81' lang='lat' dir='ltr'>Bg.</span> <span class='ocrx_word' id='word_1_112' title='bbox 1012 803 1207 851; x_wconf 81' lang='lat' dir='ltr'>sequitur.)</span> <span class='ocrx_word' id='word_1_113' title='bbox 1235 803 1355 840; x_wconf 86' lang='lat' dir='ltr'>casum</span> <span class='ocrx_word' id='word_1_114' title='bbox 1386 804 1550 854; x_wconf 82' lang='lat' dir='ltr'>aliquem</span> <span class='ocrx_word' id='word_1_115' title='bbox 1577 807 1672 854; x_wconf 87' lang='lat' dir='ltr'>pers.</span> 
     </span>
     <span class='ocr_line' id='line_1_11' title="bbox 151 847 1674 902; baseline 0.006 -18"><span class='ocrx_word' id='word_1_116' title='bbox 151 847 352 890; x_wconf 80' lang='lat' dir='ltr'>monstrat,</span> <span class='ocrx_word' id='word_1_117' title='bbox 374 849 499 892; x_wconf 82' lang='lat' dir='ltr'>credo,</span> <span class='ocrx_word' id='word_1_118' title='bbox 527 862 671 888; x_wconf 84' lang='lat' dir='ltr'>tanturn</span> <span class='ocrx_word' id='word_1_119' title='bbox 693 853 870 890; x_wconf 72' lang='lat' dir='ltr'>reffionis</span> <span class='ocrx_word' id='word_1_120' title='bbox 891 853 1105 890; x_wconf 88' lang='lat' dir='ltr'>innuendae</span> <span class='ocrx_word' id='word_1_121' title='bbox 1120 865 1222 902; x_wconf 82' lang='lat' dir='ltr'>erg0,</span> <span class='ocrx_word' id='word_1_122' title='bbox 1246 866 1331 890; x_wconf 82' lang='lat' dir='ltr'>cum</span> <span class='ocrx_word' id='word_1_123' title='bbox 1345 855 1535 892; x_wconf 84' lang='lat' dir='ltr'>contextui</span> <span class='ocrx_word' id='word_1_124' title='bbox 1549 857 1674 902; x_wconf 77' lang='lat' dir='ltr'>aptius</span> 
     </span>
     <span class='ocr_line' id='line_1_12' title="bbox 154 895 1676 954; baseline 0.005 -21"><span class='ocrx_word' id='word_1_125' title='bbox 154 895 200 934; x_wconf 78' lang='lat' dir='ltr'>fit</span> <span class='ocrx_word' id='word_1_126' title='bbox 221 910 329 944; x_wconf 85' lang='lat' dir='ltr'>pron.</span> <span class='ocrx_word' id='word_1_127' title='bbox 354 898 444 944; x_wconf 88' lang='lat' dir='ltr'>pers.</span> <span class='ocrx_word' id='word_1_128' title='bbox 465 905 563 943; x_wconf 62' lang='grc' dir='ltr'><strong><em>τινὰ,</em></strong></span> <span class='ocrx_word' id='word_1_129' title='bbox 601 902 705 949; x_wconf 85' lang='lat' dir='ltr'>quod</span> <span class='ocrx_word' id='word_1_130' title='bbox 725 915 764 940; x_wconf 79' lang='lat' dir='ltr'>et</span> <span class='ocrx_word' id='word_1_131' title='bbox 782 903 818 939; x_wconf 92' lang='lat' dir='ltr'>in</span> <span class='ocrx_word' id='word_1_132' title='bbox 841 904 892 952; x_wconf 76' lang='lat' dir='ltr'>sq.</span> <span class='ocrx_word' id='word_1_133' title='bbox 920 905 1087 941; x_wconf 88' lang='lat' dir='ltr'>membro</span> <span class='ocrx_word' id='word_1_134' title='bbox 1109 903 1352 951; x_wconf 80' lang='lat' dir='ltr'>exprimitur,</span> <span class='ocrx_word' id='word_1_135' title='bbox 1382 917 1544 954; x_wconf 87' lang='lat' dir='ltr'>cumque</span> <span class='ocrx_word' id='word_1_136' title='bbox 1563 905 1602 942; x_wconf 89' lang='lat' dir='ltr'>in</span> <span class='ocrx_word' id='word_1_137' title='bbox 1623 915 1676 942; x_wconf 87' lang='lat' dir='ltr'>ta-</span> 
     </span>
     <span class='ocr_line' id='line_1_13' title="bbox 153 945 1676 1004; baseline 0.006 -22"><span class='ocrx_word' id='word_1_138' title='bbox 153 946 255 984; x_wconf 81' lang='lat' dir='ltr'>libus</span> <span class='ocrx_word' id='word_1_139' title='bbox 271 945 418 992; x_wconf 65' lang='grc' dir='ltr'>’γνώμαις</span> <span class='ocrx_word' id='word_1_140' title='bbox 446 961 486 986; x_wconf 83' lang='lat' dir='ltr'>et</span> <span class='ocrx_word' id='word_1_141' title='bbox 508 950 676 988; x_wconf 81' lang='lat' dir='ltr'>universe</span> <span class='ocrx_word' id='word_1_142' title='bbox 704 954 960 1000; x_wconf 77' lang='lat' dir='ltr'>pronunciatis</span> <span class='ocrx_word' id='word_1_143' title='bbox 986 954 1164 990; x_wconf 83' lang='lat' dir='ltr'>soleamus</span> <span class='ocrx_word' id='word_1_144' title='bbox 1192 953 1319 1001; x_wconf 89' lang='lat' dir='ltr'>potius</span> <span class='ocrx_word' id='word_1_145' title='bbox 1348 953 1472 991; x_wconf 85' lang='lat' dir='ltr'>animo</span> <span class='ocrx_word' id='word_1_146' title='bbox 1504 954 1676 1004; x_wconf 80' lang='lat' dir='ltr'>supplere</span> 
     </span>
     <span class='ocr_line' id='line_1_14' title="bbox 154 995 1677 1052; baseline 0.007 -21"><span class='ocrx_word' id='word_1_147' title='bbox 154 995 228 1052; x_wconf 64' lang='lat' dir='ltr'>adi.</span> <span class='ocrx_word' id='word_1_148' title='bbox 246 1004 398 1039; x_wconf 58' lang='grc' dir='ltr'>πάντας,</span> <span class='ocrx_word' id='word_1_149' title='bbox 426 997 448 1035; x_wconf 88' lang='lat' dir='ltr'>s.</span> <span class='ocrx_word' id='word_1_150' title='bbox 470 1001 550 1041; x_wconf 74' lang='grc' dir='ltr'>τούς</span> <span class='ocrx_word' id='word_1_151' title='bbox 568 998 786 1047; x_wconf 55' lang='grc' dir='ltr'>ᾰιθρῶπους,</span> <span class='ocrx_word' id='word_1_152' title='bbox 814 1015 960 1040; x_wconf 78' lang='lat' dir='ltr'>tacente</span> <span class='ocrx_word' id='word_1_153' title='bbox 979 1004 1018 1041; x_wconf 86' lang='lat' dir='ltr'>in</span> <span class='ocrx_word' id='word_1_154' title='bbox 1037 1005 1133 1040; x_wconf 84' lang='lat' dir='ltr'>hanc</span> <span class='ocrx_word' id='word_1_155' title='bbox 1155 1015 1295 1049; x_wconf 87' lang='lat' dir='ltr'>partem</span> <span class='ocrx_word' id='word_1_156' title='bbox 1313 1003 1358 1040; x_wconf 85' lang='lat' dir='ltr'>L.</span> <span class='ocrx_word' id='word_1_157' title='bbox 1381 1004 1463 1042; x_wconf 89' lang='lat' dir='ltr'>Bos.</span> <span class='ocrx_word' id='word_1_158' title='bbox 1484 1005 1578 1049; x_wconf 68' lang='lat' dir='ltr'>En„</span> <span class='ocrx_word' id='word_1_159' title='bbox 1613 1005 1677 1042; x_wconf 80' lang='lat' dir='ltr'>sed</span> 
     </span>
     <span class='ocr_line' id='line_1_15' title="bbox 153 1047 1222 1097; baseline 0.005 -14"><span class='ocrx_word' id='word_1_160' title='bbox 153 1058 196 1083; x_wconf 84' lang='lat' dir='ltr'>m</span> <span class='ocrx_word' id='word_1_161' title='bbox 216 1047 349 1084; x_wconf 87' lang='lat' dir='ltr'>eodem</span> <span class='ocrx_word' id='word_1_162' title='bbox 371 1061 403 1082; x_wconf 87' lang='lat' dir='ltr'>v.</span> <span class='ocrx_word' id='word_1_163' title='bbox 422 1049 495 1085; x_wconf 85' lang='lat' dir='ltr'>huc</span> <span class='ocrx_word' id='word_1_164' title='bbox 514 1049 698 1097; x_wconf 65' lang='lat' dir='ltr'>spet‘kante</span> <span class='ocrx_word' id='word_1_165' title='bbox 718 1055 758 1089; x_wconf 86' lang='lat' dir='ltr'>L.</span> <span class='ocrx_word' id='word_1_166' title='bbox 781 1054 828 1089; x_wconf 82' lang='lat' dir='ltr'>N.</span> <span class='ocrx_word' id='word_1_167' title='bbox 851 1056 899 1089; x_wconf 84' lang='lat' dir='ltr'>T.</span> <span class='ocrx_word' id='word_1_168' title='bbox 918 1055 1040 1091; x_wconf 82' lang='lat' dir='ltr'>Schw.</span> <span class='ocrx_word' id='word_1_169' title='bbox 1062 1053 1138 1090; x_wconf 79' lang='lat' dir='ltr'>fine</span> <span class='ocrx_word' id='word_1_170' title='bbox 1157 1054 1222 1088; x_wconf 90' lang='lat' dir='ltr'>Vs.</span> 
     </span>
    </p>

    <p class='ocr_par' dir='ltr' id='par_1_5' title="bbox 154 1099 1679 1595">
     <span class='ocr_line' id='line_1_16' title="bbox 204 1099 1672 1152; baseline 0.006 -18"><span class='ocrx_word' id='word_1_171' title='bbox 204 1100 280 1134; x_wconf 73' lang='grc' dir='ltr'>οὐδέ</span> <span class='ocrx_word' id='word_1_172' title='bbox 297 1099 362 1138; x_wconf 79' lang='grc' dir='ltr'>τις)</span> <span class='ocrx_word' id='word_1_173' title='bbox 386 1099 604 1136; x_wconf 79' lang='lat' dir='ltr'>Sententiae</span> <span class='ocrx_word' id='word_1_174' title='bbox 621 1102 725 1138; x_wconf 77' lang='lat' dir='ltr'>color</span> <span class='ocrx_word' id='word_1_175' title='bbox 746 1103 898 1152; x_wconf 83' lang='lat' dir='ltr'>quidam</span> <span class='ocrx_word' id='word_1_176' title='bbox 925 1102 967 1139; x_wconf 66' lang='lat' dir='ltr'>fic</span> <span class='ocrx_word' id='word_1_177' title='bbox 987 1116 1042 1151; x_wconf 81' lang='lat' dir='ltr'>ap.</span> <span class='ocrx_word' id='word_1_178' title='bbox 1063 1104 1186 1140; x_wconf 83' lang='lat' dir='ltr'>Thuc.</span> <span class='ocrx_word' id='word_1_179' title='bbox 1209 1115 1264 1147; x_wconf 77' lang='lat'>52.</span> <span class='ocrx_word' id='word_1_180' title='bbox 1289 1115 1346 1146; x_wconf 79' lang='lat'>51.</span> <span class='ocrx_word' id='word_1_181' title='bbox 1373 1106 1412 1140; x_wconf 79' lang='grc' dir='ltr'>οὗ</span> <span class='ocrx_word' id='word_1_182' title='bbox 1437 1106 1499 1142; x_wconf 77' lang='grc' dir='ltr'>τοῦ</span> <span class='ocrx_word' id='word_1_183' title='bbox 1518 1108 1672 1146; x_wconf 71' lang='grc' dir='ltr'>πλείονας</span> 
     </span>
     <span class='ocr_line' id='line_1_17' title="bbox 154 1144 1676 1201; baseline 0.006 -20"><span class='ocrx_word' id='word_1_184' title='bbox 154 1144 204 1192; x_wconf 67' lang='grc' dir='ltr'><em>μῆ</em></span> <span class='ocrx_word' id='word_1_185' title='bbox 229 1145 449 1193; x_wconf 66' lang='grc' dir='ltr'>ςεςισκῖ,ν.ε·,ιο;</span> <span class='ocrx_word' id='word_1_186' title='bbox 476 1155 577 1196; x_wconf 64' lang='grc' dir='ltr'>χάριν</span> <span class='ocrx_word' id='word_1_187' title='bbox 595 1147 757 1195; x_wconf 72' lang='grc' dir='ltr'>ἔχουσιν,</span> <span class='ocrx_word' id='word_1_188' title='bbox 792 1152 885 1190; x_wconf 51' lang='lat' dir='ltr'>cim&amp;</span> <span class='ocrx_word' id='word_1_189' title='bbox 906 1155 967 1191; x_wconf 68' lang='grc' dir='ltr'>τοῦ</span> <span class='ocrx_word' id='word_1_190' title='bbox 988 1155 1136 1196; x_wconf 70' lang='grc' dir='ltr'>ἐνδεοῦς,</span> <span class='ocrx_word' id='word_1_191' title='bbox 1170 1149 1410 1200; x_wconf 57' lang='grc' dir='ltr'>χαλεπώτερον</span> <span class='ocrx_word' id='word_1_192' title='bbox 1438 1161 1616 1201; x_wconf 61' lang='grc' dir='ltr'>Φέρουσα,</span> <span class='ocrx_word' id='word_1_193' title='bbox 1641 1165 1676 1191; x_wconf 79' lang='grc' dir='ltr'><strong>λ.</strong></span> 
     </span>
     <span class='ocr_line' id='line_1_18' title="bbox 154 1196 1678 1252; baseline 0.005 -20"><span class='ocrx_word' id='word_1_194' title='bbox 154 1209 225 1232; x_wconf 76' lang='lat' dir='ltr'>non</span> <span class='ocrx_word' id='word_1_195' title='bbox 245 1196 386 1233; x_wconf 80' lang='lat' dir='ltr'>habent</span> <span class='ocrx_word' id='word_1_196' title='bbox 399 1201 564 1247; x_wconf 68' lang='lat' dir='ltr'>gratiam</span> <span class='ocrx_word' id='word_1_197' title='bbox 583 1200 628 1235; x_wconf 84' lang='lat' dir='ltr'>de</span> <span class='ocrx_word' id='word_1_198' title='bbox 645 1204 805 1250; x_wconf 69' lang='lat' dir='ltr'>pluribus</span> <span class='ocrx_word' id='word_1_199' title='bbox 822 1215 901 1239; x_wconf 87' lang='lat' dir='ltr'>non</span> <span class='ocrx_word' id='word_1_200' title='bbox 920 1204 1054 1252; x_wconf 80' lang='lat' dir='ltr'>ereptis</span> <span class='ocrx_word' id='word_1_201' title='bbox 1066 1228 1077 1245; x_wconf 93' lang='lat'>,</span> <span class='ocrx_word' id='word_1_202' title='bbox 1101 1203 1162 1240; x_wconf 84' lang='lat' dir='ltr'>sed</span> <span class='ocrx_word' id='word_1_203' title='bbox 1182 1203 1349 1238; x_wconf 76' lang='lat' dir='ltr'><em>modicum</em></span> <span class='ocrx_word' id='word_1_204' title='bbox 1371 1203 1485 1245; x_wconf 79' lang='lat' dir='ltr'>illud,</span> <span class='ocrx_word' id='word_1_205' title='bbox 1511 1205 1606 1252; x_wconf 80' lang='lat' dir='ltr'>quod</span> <span class='ocrx_word' id='word_1_206' title='bbox 1615 1204 1678 1240; x_wconf 72' lang='lat' dir='ltr'>dt-</span> 
     </span>
     <span class='ocr_line' id='line_1_19' title="bbox 157 1247 1675 1301; baseline 0.006 -21"><span class='ocrx_word' id='word_1_207' title='bbox 157 1248 316 1283; x_wconf 66' lang='lat' dir='ltr'>trcn‘t&#39;um</span> <span class='ocrx_word' id='word_1_208' title='bbox 335 1247 404 1296; x_wconf 77' lang='lat' dir='ltr'>est,</span> <span class='ocrx_word' id='word_1_209' title='bbox 432 1250 577 1296; x_wconf 72' lang='lat' dir='ltr'>gravius</span> <span class='ocrx_word' id='word_1_210' title='bbox 590 1250 747 1296; x_wconf 73' lang='lat' dir='ltr'>ferunt,</span> <span class='ocrx_word' id='word_1_211' title='bbox 777 1252 942 1289; x_wconf 78' lang='lat' dir='ltr'>faciente</span> <span class='ocrx_word' id='word_1_212' title='bbox 959 1252 1041 1289; x_wconf 82' lang='lat' dir='ltr'>Sch.</span> <span class='ocrx_word' id='word_1_213' title='bbox 1061 1254 1196 1300; x_wconf 78' lang='lat' dir='ltr'>partim</span> <span class='ocrx_word' id='word_1_214' title='bbox 1217 1264 1303 1288; x_wconf 88' lang='lat' dir='ltr'>cum</span> <span class='ocrx_word' id='word_1_215' title='bbox 1315 1255 1376 1301; x_wconf 78' lang='lat' dir='ltr'>ssg.</span> <span class='ocrx_word' id='word_1_216' title='bbox 1391 1253 1433 1289; x_wconf 90' lang='lat' dir='ltr'>in</span> <span class='ocrx_word' id='word_1_217' title='bbox 1453 1251 1534 1289; x_wconf 83' lang='lat' dir='ltr'>adv.</span> <span class='ocrx_word' id='word_1_218' title='bbox 1559 1252 1675 1294; x_wconf 83' lang='lat' dir='ltr'>‚‚sec.,</span> 
     </span>
     <span class='ocr_line' id='line_1_20' title="bbox 157 1297 1674 1351; baseline 0.004 -20"><span class='ocrx_word' id='word_1_219' title='bbox 157 1297 299 1333; x_wconf 78' lang='lat' dir='ltr'>libere“</span> <span class='ocrx_word' id='word_1_220' title='bbox 326 1297 388 1334; x_wconf 85' lang='lat' dir='ltr'>sed</span> <span class='ocrx_word' id='word_1_221' title='bbox 410 1300 473 1345; x_wconf 73' lang='lat' dir='ltr'>ssg.</span> <span class='ocrx_word' id='word_1_222' title='bbox 496 1311 577 1335; x_wconf 87' lang='lat' dir='ltr'>cum</span> <span class='ocrx_word' id='word_1_223' title='bbox 595 1301 635 1335; x_wconf 87' lang='lat' dir='ltr'>P.</span> <span class='ocrx_word' id='word_1_224' title='bbox 661 1314 805 1338; x_wconf 74' lang='lat' dir='ltr'>tantum</span> <span class='ocrx_word' id='word_1_225' title='bbox 824 1302 863 1338; x_wconf 88' lang='lat' dir='ltr'>in</span> <span class='ocrx_word' id='word_1_226' title='bbox 884 1302 913 1341; x_wconf 77' lang='grc' dir='ltr'>ὀ.</span> <span class='ocrx_word' id='word_1_227' title='bbox 932 1315 1015 1339; x_wconf 85' lang='lat' dir='ltr'>cum</span> <span class='ocrx_word' id='word_1_228' title='bbox 1038 1315 1148 1350; x_wconf 86' lang='lat' dir='ltr'>pron.</span> <span class='ocrx_word' id='word_1_229' title='bbox 1167 1302 1305 1338; x_wconf 79' lang='lat' dir='ltr'>iterum</span> <span class='ocrx_word' id='word_1_230' title='bbox 1319 1326 1330 1342; x_wconf 84' lang='lat'>.</span> <span class='ocrx_word' id='word_1_231' title='bbox 1365 1302 1540 1351; x_wconf 79' lang='lat' dir='ltr'>capiente</span> <span class='ocrx_word' id='word_1_232' title='bbox 1563 1315 1597 1338; x_wconf 93' lang='lat' dir='ltr'>v.</span> <span class='ocrx_word' id='word_1_233' title='bbox 1616 1307 1674 1348; x_wconf 78' lang='grc' dir='ltr'><strong>ἐχ.</strong></span> 
     </span>
     <span class='ocr_line' id='line_1_21' title="bbox 157 1351 1675 1400; baseline 0.005 -20"><span class='ocrx_word' id='word_1_234' title='bbox 157 1358 228 1393; x_wconf 87' lang='lat' dir='ltr'>pro</span> <span class='ocrx_word' id='word_1_235' title='bbox 248 1357 402 1388; x_wconf 80' lang='lat' dir='ltr'>tenere,</span> <span class='ocrx_word' id='word_1_236' title='bbox 446 1361 489 1385; x_wconf 84' lang='lat' dir='ltr'>ut</span> <span class='ocrx_word' id='word_1_237' title='bbox 509 1351 556 1386; x_wconf 81' lang='lat' dir='ltr'>G.</span> <span class='ocrx_word' id='word_1_238' title='bbox 573 1351 648 1387; x_wconf 83' lang='lat' dir='ltr'>Th.</span> <span class='ocrx_word' id='word_1_239' title='bbox 672 1352 710 1388; x_wconf 86' lang='lat' dir='ltr'>in</span> <span class='ocrx_word' id='word_1_240' title='bbox 735 1353 819 1390; x_wconf 87' lang='lat' dir='ltr'>Grr.</span> <span class='ocrx_word' id='word_1_241' title='bbox 842 1353 888 1388; x_wconf 76' lang='lat' dir='ltr'>al.</span> <span class='ocrx_word' id='word_1_242' title='bbox 919 1351 1031 1389; x_wconf 86' lang='lat' dir='ltr'>etiam</span> <span class='ocrx_word' id='word_1_243' title='bbox 1052 1351 1196 1400; x_wconf 85' lang='lat' dir='ltr'>profert</span> <span class='ocrx_word' id='word_1_244' title='bbox 1212 1359 1394 1397; x_wconf 58' lang='grc' dir='ltr'><strong><em>κατέχειν,</em></strong></span> <span class='ocrx_word' id='word_1_245' title='bbox 1429 1351 1491 1389; x_wconf 85' lang='lat' dir='ltr'>sed</span> <span class='ocrx_word' id='word_1_246' title='bbox 1518 1351 1560 1388; x_wconf 87' lang='lat' dir='ltr'>in</span> <span class='ocrx_word' id='word_1_247' title='bbox 1577 1352 1675 1396; x_wconf 67' lang='lat' dir='ltr'>adv„</span> 
     </span>
     <span class='ocr_line' id='line_1_22' title="bbox 158 1395 1679 1449; baseline 0.004 -17"><span class='ocrx_word' id='word_1_248' title='bbox 158 1395 225 1432; x_wconf 90' lang='lat' dir='ltr'>ubi</span> <span class='ocrx_word' id='word_1_249' title='bbox 246 1397 327 1443; x_wconf 85' lang='lat' dir='ltr'>Stp.</span> <span class='ocrx_word' id='word_1_250' title='bbox 347 1398 421 1433; x_wconf 85' lang='lat' dir='ltr'>Th.</span> <span class='ocrx_word' id='word_1_251' title='bbox 447 1410 607 1444; x_wconf 76' lang='lat' dir='ltr'>pauper,</span> <span class='ocrx_word' id='word_1_252' title='bbox 643 1400 691 1437; x_wconf 83' lang='lat' dir='ltr'>cf.</span> <span class='ocrx_word' id='word_1_253' title='bbox 709 1403 789 1438; x_wconf 81' lang='lat' dir='ltr'>Ind.</span> <span class='ocrx_word' id='word_1_254' title='bbox 812 1404 948 1444; x_wconf 75' lang='lat' dir='ltr'>Dem..</span> <span class='ocrx_word' id='word_1_255' title='bbox 983 1402 1040 1438; x_wconf 86' lang='lat' dir='ltr'>cui</span> <span class='ocrx_word' id='word_1_256' title='bbox 1066 1402 1148 1439; x_wconf 85' lang='lat' dir='ltr'>add.</span> <span class='ocrx_word' id='word_1_257' title='bbox 1169 1414 1225 1446; x_wconf 86' lang='lat'>17,</span> <span class='ocrx_word' id='word_1_258' title='bbox 1253 1414 1306 1441; x_wconf 75' lang='grc' dir='ltr'>ιι,</span> <span class='ocrx_word' id='word_1_259' title='bbox 1340 1415 1422 1449; x_wconf 82' lang='lat'>140,</span> <span class='ocrx_word' id='word_1_260' title='bbox 1438 1406 1472 1438; x_wconf 88' lang='lat'>6.</span> <span class='ocrx_word' id='word_1_261' title='bbox 1500 1407 1581 1448; x_wconf 81' lang='lat'>657,</span> <span class='ocrx_word' id='word_1_262' title='bbox 1608 1413 1679 1448; x_wconf 80' lang='lat'>19..</span> 
     </span>
     <span class='ocr_line' id='line_1_23' title="bbox 158 1442 1679 1499; baseline 0.006 -19"><span class='ocrx_word' id='word_1_263' title='bbox 158 1442 220 1481; x_wconf 86' lang='lat' dir='ltr'>sed</span> <span class='ocrx_word' id='word_1_264' title='bbox 239 1447 323 1489; x_wconf 78' lang='lat'>46&#39;1.</span> <span class='ocrx_word' id='word_1_265' title='bbox 337 1446 402 1483; x_wconf 88' lang='lat' dir='ltr'>ult.</span> <span class='ocrx_word' id='word_1_266' title='bbox 427 1450 461 1484; x_wconf 73' lang='grc' dir='ltr'><strong>α’.</strong></span> <span class='ocrx_word' id='word_1_267' title='bbox 477 1473 486 1488; x_wconf 88' lang='grc'>,</span> <span class='ocrx_word' id='word_1_268' title='bbox 515 1447 539 1485; x_wconf 67' lang='grc' dir='ltr'>ὃ),</span> <span class='ocrx_word' id='word_1_269' title='bbox 558 1445 597 1486; x_wconf 69' lang='grc' dir='ltr'>ἂι</span> <span class='ocrx_word' id='word_1_270' title='bbox 614 1456 705 1498; x_wconf 54' lang='grc' dir='ltr'>λάβῃ</span> <span class='ocrx_word' id='word_1_271' title='bbox 727 1460 791 1493; x_wconf 67' lang='grc' dir='ltr'>τὶς,</span> <span class='ocrx_word' id='word_1_272' title='bbox 816 1449 909 1497; x_wconf 59' lang='grc' dir='ltr'><em>’ἔχειν</em></span> <span class='ocrx_word' id='word_1_273' title='bbox 929 1466 961 1491; x_wconf 60' lang='grc' dir='ltr'>Α.</span> <span class='ocrx_word' id='word_1_274' title='bbox 974 1477 985 1492; x_wconf 84' lang='grc'>,</span> <span class='ocrx_word' id='word_1_275' title='bbox 1019 1452 1060 1488; x_wconf 89' lang='lat' dir='ltr'>it.</span> <span class='ocrx_word' id='word_1_276' title='bbox 1082 1464 1148 1499; x_wconf 89' lang='lat' dir='ltr'>per</span> <span class='ocrx_word' id='word_1_277' title='bbox 1167 1451 1242 1498; x_wconf 82' lang='lat' dir='ltr'>syn.</span> <span class='ocrx_word' id='word_1_278' title='bbox 1257 1461 1315 1492; x_wconf 75' lang='lat'>28,</span> <span class='ocrx_word' id='word_1_279' title='bbox 1331 1463 1388 1488; x_wconf 83' lang='lat'>10.</span> <span class='ocrx_word' id='word_1_280' title='bbox 1410 1457 1457 1490; x_wconf 68' lang='grc' dir='ltr'>τὰ</span> <span class='ocrx_word' id='word_1_281' title='bbox 1469 1450 1574 1496; x_wconf 68' lang='grc' dir='ltr'>αὖα-»ῖς</span> <span class='ocrx_word' id='word_1_282' title='bbox 1584 1447 1679 1496; x_wconf 80' lang='grc' dir='ltr'><strong><em>ἔχειν</em></strong></span> 
     </span>
     <span class='ocr_line' id='line_1_24' title="bbox 160 1495 1679 1550; baseline 0.004 -19"><span class='ocrx_word' id='word_1_283' title='bbox 160 1495 353 1542; x_wconf 64' lang='grc' dir='ltr'>ἀσφαλῶς,</span> <span class='ocrx_word' id='word_1_284' title='bbox 390 1497 470 1536; x_wconf 85' lang='lat' dir='ltr'>Ind.</span> <span class='ocrx_word' id='word_1_285' title='bbox 489 1499 605 1537; x_wconf 82' lang='lat' dir='ltr'>Diod.</span> <span class='ocrx_word' id='word_1_286' title='bbox 625 1502 660 1538; x_wconf 90' lang='lat' dir='ltr'>S.</span> <span class='ocrx_word' id='word_1_287' title='bbox 683 1515 724 1538; x_wconf 81' lang='lat' dir='ltr'>ex</span> <span class='ocrx_word' id='word_1_288' title='bbox 746 1515 779 1544; x_wconf 84' lang='lat'>2,</span> <span class='ocrx_word' id='word_1_289' title='bbox 802 1511 877 1544; x_wconf 78' lang='lat'>¹88.</span> <span class='ocrx_word' id='word_1_290' title='bbox 901 1503 922 1538; x_wconf 86' lang='lat'>1.</span> <span class='ocrx_word' id='word_1_291' title='bbox 938 1511 1014 1548; x_wconf 62' lang='lat'>33„</span> <span class='ocrx_word' id='word_1_292' title='bbox 1049 1499 1112 1538; x_wconf 82' lang='lat' dir='ltr'>cui</span> <span class='ocrx_word' id='word_1_293' title='bbox 1140 1500 1224 1538; x_wconf 82' lang='lat' dir='ltr'>add.</span> <span class='ocrx_word' id='word_1_294' title='bbox 1243 1513 1280 1548; x_wconf 90' lang='lat' dir='ltr'>p.</span> <span class='ocrx_word' id='word_1_295' title='bbox 1300 1514 1381 1546; x_wconf 83' lang='lat'>272.</span> <span class='ocrx_word' id='word_1_296' title='bbox 1402 1502 1428 1538; x_wconf 84' lang='lat'>1.</span> <span class='ocrx_word' id='word_1_297' title='bbox 1443 1512 1524 1548; x_wconf 61' lang='lat'>43„</span> <span class='ocrx_word' id='word_1_298' title='bbox 1558 1513 1679 1550; x_wconf 83' lang='lat' dir='ltr'>praec.</span> 
     </span>
     <span class='ocr_line' id='line_1_25' title="bbox 158 1543 1578 1595; baseline 0.004 -14"><span class='ocrx_word' id='word_1_299' title='bbox 158 1543 242 1592; x_wconf 83' lang='lat' dir='ltr'>syn.</span> <span class='ocrx_word' id='word_1_300' title='bbox 258 1545 467 1592; x_wconf 62' lang='grc' dir='ltr'><strong>ἀταράχως.</strong></span> <span class='ocrx_word' id='word_1_301' title='bbox 495 1549 535 1586; x_wconf 90' lang='lat' dir='ltr'>it.</span> <span class='ocrx_word' id='word_1_302' title='bbox 557 1550 679 1587; x_wconf 84' lang='lat' dir='ltr'>Thuc.</span> <span class='ocrx_word' id='word_1_303' title='bbox 699 1563 779 1589; x_wconf 81' lang='lat' dir='ltr'>cum</span> <span class='ocrx_word' id='word_1_304' title='bbox 798 1554 881 1588; x_wconf 66' lang='grc' dir='ltr'><strong>1ῃά.</strong></span> <span class='ocrx_word' id='word_1_305' title='bbox 903 1552 942 1588; x_wconf 87' lang='lat' dir='ltr'>in</span> <span class='ocrx_word' id='word_1_306' title='bbox 960 1551 1082 1589; x_wconf 81' lang='lat' dir='ltr'>Schol.</span> <span class='ocrx_word' id='word_1_307' title='bbox 1104 1561 1142 1586; x_wconf 87' lang='lat' dir='ltr'>et</span> <span class='ocrx_word' id='word_1_308' title='bbox 1163 1550 1247 1588; x_wconf 83' lang='lat' dir='ltr'>Hes.</span> <span class='ocrx_word' id='word_1_309' title='bbox 1263 1563 1296 1592; x_wconf 86' lang='lat'>1,</span> <span class='ocrx_word' id='word_1_310' title='bbox 1312 1562 1373 1595; x_wconf 90' lang='lat'>90.</span> <span class='ocrx_word' id='word_1_311' title='bbox 1389 1549 1413 1587; x_wconf 88' lang='lat' dir='ltr'>i.</span> <span class='ocrx_word' id='word_1_312' title='bbox 1433 1550 1510 1588; x_wconf 83' lang='lat' dir='ltr'>fine</span> <span class='ocrx_word' id='word_1_313' title='bbox 1528 1552 1578 1590; x_wconf 86' lang='lat' dir='ltr'>N.</span> 
     </span>
    </p>

    <p class='ocr_par' dir='ltr' id='par_1_6' title="bbox 160 1598 1680 1750">
     <span class='ocr_line' id='line_1_26' title="bbox 212 1598 1679 1650; baseline 0.003 -17"><span class='ocrx_word' id='word_1_314' title='bbox 212 1599 245 1633; x_wconf 82' lang='grc' dir='ltr'>ἐν</span> <span class='ocrx_word' id='word_1_315' title='bbox 264 1611 347 1643; x_wconf 67' lang='grc' dir='ltr'><strong>χας.</strong></span> <span class='ocrx_word' id='word_1_316' title='bbox 365 1600 418 1643; x_wconf 81' lang='grc' dir='ltr'><strong>μ.)</strong></span> <span class='ocrx_word' id='word_1_317' title='bbox 447 1598 558 1636; x_wconf 82' lang='lat' dir='ltr'>Haud</span> <span class='ocrx_word' id='word_1_318' title='bbox 574 1598 795 1649; x_wconf 70' lang='lat' dir='ltr'>infrequens</span> <span class='ocrx_word' id='word_1_319' title='bbox 814 1601 864 1637; x_wconf 87' lang='lat' dir='ltr'>est</span> <span class='ocrx_word' id='word_1_320' title='bbox 887 1602 960 1638; x_wconf 91' lang='lat' dir='ltr'>hoc</span> <span class='ocrx_word' id='word_1_321' title='bbox 977 1599 1159 1648; x_wconf 78' lang='lat' dir='ltr'>loquendi</span> <span class='ocrx_word' id='word_1_322' title='bbox 1179 1612 1298 1650; x_wconf 87' lang='lat' dir='ltr'>genus</span> <span class='ocrx_word' id='word_1_323' title='bbox 1319 1614 1375 1649; x_wconf 86' lang='lat' dir='ltr'>ap.</span> <span class='ocrx_word' id='word_1_324' title='bbox 1388 1602 1565 1638; x_wconf 83' lang='lat' dir='ltr'>Graecos.</span> <span class='ocrx_word' id='word_1_325' title='bbox 1616 1600 1679 1638; x_wconf 81' lang='lat' dir='ltr'>Sic</span> 
     </span>
     <span class='ocr_line' id='line_1_27' title="bbox 160 1642 1680 1700; baseline 0.007 -20"><span class='ocrx_word' id='word_1_326' title='bbox 160 1642 252 1682; x_wconf 88' lang='lat' dir='ltr'>Luc.</span> <span class='ocrx_word' id='word_1_327' title='bbox 269 1647 309 1681; x_wconf 85' lang='lat' dir='ltr'>in</span> <span class='ocrx_word' id='word_1_328' title='bbox 330 1647 417 1683; x_wconf 77' lang='lat' dir='ltr'>Enc.</span> <span class='ocrx_word' id='word_1_329' title='bbox 437 1650 548 1686; x_wconf 78' lang='lat' dir='ltr'>Deru.</span> <span class='ocrx_word' id='word_1_330' title='bbox 578 1649 690 1692; x_wconf 84' lang='lat' dir='ltr'>dicit,</span> <span class='ocrx_word' id='word_1_331' title='bbox 721 1656 752 1688; x_wconf 67' lang='grc' dir='ltr'>ἐν</span> <span class='ocrx_word' id='word_1_332' title='bbox 771 1648 868 1699; x_wconf 66' lang='grc' dir='ltr'>χώρᾳ</span> <span class='ocrx_word' id='word_1_333' title='bbox 888 1655 997 1693; x_wconf 64' lang='grc' dir='ltr'>τιθεὶς</span> <span class='ocrx_word' id='word_1_334' title='bbox 1017 1651 1180 1698; x_wconf 58' lang='grc' dir='ltr'>ἔργά-κου,</span> <span class='ocrx_word' id='word_1_335' title='bbox 1217 1662 1256 1687; x_wconf 88' lang='lat' dir='ltr'>et</span> <span class='ocrx_word' id='word_1_336' title='bbox 1274 1662 1332 1699; x_wconf 84' lang='lat' dir='ltr'>ap.</span> <span class='ocrx_word' id='word_1_337' title='bbox 1349 1652 1459 1687; x_wconf 87' lang='lat' dir='ltr'>Dem.</span> <span class='ocrx_word' id='word_1_338' title='bbox 1479 1650 1600 1700; x_wconf 83' lang='lat' dir='ltr'>ipsum</span> <span class='ocrx_word' id='word_1_339' title='bbox 1620 1650 1680 1690; x_wconf 84' lang='lat' dir='ltr'>iu-</span> 
     </span>
     <span class='ocr_line' id='line_1_28' title="bbox 161 1694 955 1750; baseline 0.009 -19"><span class='ocrx_word' id='word_1_340' title='bbox 161 1694 275 1732; x_wconf 76' lang='lat' dir='ltr'>venio</span> <span class='ocrx_word' id='word_1_341' title='bbox 302 1701 335 1750; x_wconf 57' lang='grc' dir='ltr'>ἐν</span> <span class='ocrx_word' id='word_1_342' title='bbox 351 1694 483 1744; x_wconf 64' lang='grc' dir='ltr'><em>ἕχὲξου</em></span> <span class='ocrx_word' id='word_1_343' title='bbox 506 1702 600 1745; x_wconf 75' lang='grc' dir='ltr'><em>τάξει</em></span> <span class='ocrx_word' id='word_1_344' title='bbox 619 1703 793 1741; x_wconf 52' lang='lat' dir='ltr'>visseim.</span> <span class='ocrx_word' id='word_1_345' title='bbox 817 1702 955 1737; x_wconf 77' lang='lat' dir='ltr'>Stroth.</span> 
     </span>
    </p>

    <p class='ocr_par' dir='ltr' id='par_1_7' title="bbox 123 1746 1683 2344">
     <span class='ocr_line' id='line_1_29' title="bbox 263 1746 1681 1797; baseline 0.005 -16"><span class='ocrx_word' id='word_1_346' title='bbox 263 1746 460 1782; x_wconf 68' lang='lat' dir='ltr'>Viciniora</span> <span class='ocrx_word' id='word_1_347' title='bbox 473 1748 592 1784; x_wconf 86' lang='lat' dir='ltr'>habeo</span> <span class='ocrx_word' id='word_1_348' title='bbox 604 1763 624 1786; x_wconf 92' lang='lat' dir='ltr'>e</span> <span class='ocrx_word' id='word_1_349' title='bbox 636 1751 741 1786; x_wconf 88' lang='lat' dir='ltr'>Dem.</span> <span class='ocrx_word' id='word_1_350' title='bbox 755 1751 836 1787; x_wconf 86' lang='lat' dir='ltr'>lnd.</span> <span class='ocrx_word' id='word_1_351' title='bbox 866 1755 1010 1797; x_wconf 59' lang='grc' dir='ltr'>»μοῖριῃ</span> <span class='ocrx_word' id='word_1_352' title='bbox 1023 1771 1062 1778; x_wconf 93' lang='grc'>-</span> <span class='ocrx_word' id='word_1_353' title='bbox 1072 1749 1218 1792; x_wconf 83' lang='lat' dir='ltr'>modus,</span> <span class='ocrx_word' id='word_1_354' title='bbox 1232 1748 1341 1792; x_wconf 86' lang='lat' dir='ltr'>ratio,</span> <span class='ocrx_word' id='word_1_355' title='bbox 1353 1750 1681 1793; x_wconf 73' lang='lat' dir='ltr'>locusmumerus.</span> 
     </span>
     <span class='ocr_line' id='line_1_30' title="bbox 160 1794 1682 1848; baseline 0.003 -16"><span class='ocrx_word' id='word_1_356' title='bbox 160 1794 347 1838; x_wconf 81' lang='lat' dir='ltr'>conditio,</span> <span class='ocrx_word' id='word_1_357' title='bbox 371 1801 483 1842; x_wconf 70' lang='grc' dir='ltr'><strong><em>τάξις,</em></strong></span> <span class='ocrx_word' id='word_1_358' title='bbox 502 1817 539 1826; x_wconf 88' lang='grc'>-</span> <span class='ocrx_word' id='word_1_359' title='bbox 559 1804 590 1837; x_wconf 82' lang='grc' dir='ltr'>ἐν</span> <span class='ocrx_word' id='word_1_360' title='bbox 607 1805 768 1845; x_wconf 72' lang='grc' dir='ltr'><strong><em>πολεμίου</em></strong></span> <span class='ocrx_word' id='word_1_361' title='bbox 785 1817 822 1845; x_wconf 83' lang='grc' dir='ltr'>μ..</span> <span class='ocrx_word' id='word_1_362' title='bbox 841 1801 895 1846; x_wconf 90' lang='lat' dir='ltr'>(et</span> <span class='ocrx_word' id='word_1_363' title='bbox 915 1813 950 1836; x_wconf 94' lang='lat' dir='ltr'>v.</span> <span class='ocrx_word' id='word_1_364' title='bbox 971 1803 1074 1846; x_wconf 65' lang='grc' dir='ltr'><strong>ἐχθρ.</strong></span> <span class='ocrx_word' id='word_1_365' title='bbox 1093 1800 1137 1845; x_wconf 85' lang='lat' dir='ltr'>i.)</span> <span class='ocrx_word' id='word_1_366' title='bbox 1158 1805 1189 1838; x_wconf 77' lang='grc' dir='ltr'>ἐν</span> <span class='ocrx_word' id='word_1_367' title='bbox 1208 1802 1341 1846; x_wconf 63' lang='grc' dir='ltr'>ἐχθρῶν</span> <span class='ocrx_word' id='word_1_368' title='bbox 1360 1807 1427 1845; x_wconf 76' lang='grc' dir='ltr'>μ.“</span> <span class='ocrx_word' id='word_1_369' title='bbox 1456 1811 1526 1848; x_wconf 85' lang='lat' dir='ltr'>pro</span> <span class='ocrx_word' id='word_1_370' title='bbox 1539 1811 1616 1848; x_wconf 85' lang='lat' dir='ltr'>quo</span> <span class='ocrx_word' id='word_1_371' title='bbox 1629 1811 1682 1837; x_wconf 86' lang='lat' dir='ltr'>ta·</span> 
     </span>
     <span class='ocr_line' id='line_1_31' title="bbox 161 1845 1682 1896; baseline 0.003 -14"><span class='ocrx_word' id='word_1_372' title='bbox 161 1858 252 1882; x_wconf 88' lang='lat' dir='ltr'>men</span> <span class='ocrx_word' id='word_1_373' title='bbox 273 1845 312 1882; x_wconf 85' lang='lat' dir='ltr'>in</span> <span class='ocrx_word' id='word_1_374' title='bbox 333 1857 438 1884; x_wconf 83' lang='lat' dir='ltr'>textu</span> <span class='ocrx_word' id='word_1_375' title='bbox 459 1847 539 1894; x_wconf 84' lang='lat' dir='ltr'>ipso</span> <span class='ocrx_word' id='word_1_376' title='bbox 565 1847 641 1885; x_wconf 71' lang='lat' dir='ltr'>line</span> <span class='ocrx_word' id='word_1_377' title='bbox 667 1849 772 1886; x_wconf 85' lang='lat' dir='ltr'>omni</span> <span class='ocrx_word' id='word_1_378' title='bbox 798 1851 878 1886; x_wconf 78' lang='lat' dir='ltr'>Var.</span> <span class='ocrx_word' id='word_1_379' title='bbox 901 1851 939 1887; x_wconf 87' lang='lat' dir='ltr'>L.</span> <span class='ocrx_word' id='word_1_380' title='bbox 962 1855 994 1888; x_wconf 78' lang='grc' dir='ltr'>ἐν</span> <span class='ocrx_word' id='word_1_381' title='bbox 1013 1852 1142 1896; x_wconf 66' lang='grc' dir='ltr'>ἐχθροῦ</span> <span class='ocrx_word' id='word_1_382' title='bbox 1159 1857 1275 1896; x_wconf 60' lang='grc' dir='ltr'><strong><em>μέρει,</em></strong></span> <span class='ocrx_word' id='word_1_383' title='bbox 1309 1861 1353 1886; x_wconf 89' lang='lat' dir='ltr'>ut</span> <span class='ocrx_word' id='word_1_384' title='bbox 1371 1847 1411 1886; x_wconf 85' lang='lat' dir='ltr'>in</span> <span class='ocrx_word' id='word_1_385' title='bbox 1432 1861 1467 1885; x_wconf 89' lang='grc' dir='ltr'>ν.</span> <span class='ocrx_word' id='word_1_386' title='bbox 1486 1864 1583 1896; x_wconf 60' lang='lat' dir='ltr'>usq„</span> <span class='ocrx_word' id='word_1_387' title='bbox 1616 1848 1682 1886; x_wconf 84' lang='lat' dir='ltr'>ubi</span> 
     </span>
     <span class='ocr_line' id='line_1_32' title="bbox 162 1894 1682 1946; baseline 0.003 -15"><span class='ocrx_word' id='word_1_388' title='bbox 162 1906 204 1931; x_wconf 86' lang='lat' dir='ltr'>et</span> <span class='ocrx_word' id='word_1_389' title='bbox 227 1895 316 1932; x_wconf 84' lang='lat' dir='ltr'>haec</span> <span class='ocrx_word' id='word_1_390' title='bbox 336 1894 410 1933; x_wconf 83' lang='lat' dir='ltr'>fine</span> <span class='ocrx_word' id='word_1_391' title='bbox 428 1897 494 1933; x_wconf 79' lang='lat' dir='ltr'>Vs.</span> <span class='ocrx_word' id='word_1_392' title='bbox 508 1923 518 1939; x_wconf 91' lang='lat'>‚</span> <span class='ocrx_word' id='word_1_393' title='bbox 553 1903 587 1936; x_wconf 84' lang='grc' dir='ltr'>ἐν</span> <span class='ocrx_word' id='word_1_394' title='bbox 603 1904 746 1946; x_wconf 62' lang='grc' dir='ltr'>χάριτος</span> <span class='ocrx_word' id='word_1_395' title='bbox 766 1915 825 1944; x_wconf 81' lang='grc' dir='ltr'>μ..</span> <span class='ocrx_word' id='word_1_396' title='bbox 843 1918 883 1925; x_wconf 90' lang='lat'>—-</span> <span class='ocrx_word' id='word_1_397' title='bbox 909 1905 956 1943; x_wconf 82' lang='grc' dir='ltr'>εἷς</span> <span class='ocrx_word' id='word_1_398' title='bbox 979 1902 1177 1945; x_wconf 68' lang='grc' dir='ltr'>εὐεργεσίας</span> <span class='ocrx_word' id='word_1_399' title='bbox 1203 1905 1304 1945; x_wconf 70' lang='grc' dir='ltr'><strong><em>μέρος</em></strong></span> <span class='ocrx_word' id='word_1_400' title='bbox 1325 1900 1565 1941; x_wconf 59' lang='grc' dir='ltr'>καταθέσθαι,</span> <span class='ocrx_word' id='word_1_401' title='bbox 1599 1910 1682 1936; x_wconf 79' lang='lat' dir='ltr'>non</span> 
     </span>
     <span class='ocr_line' id='line_1_33' title="bbox 163 1943 1682 1997; baseline 0.003 -16"><span class='ocrx_word' id='word_1_402' title='bbox 163 1943 257 1982; x_wconf 84' lang='lat' dir='ltr'>item</span> <span class='ocrx_word' id='word_1_403' title='bbox 276 1946 350 1983; x_wconf 86' lang='lat' dir='ltr'>hoc</span> <span class='ocrx_word' id='word_1_404' title='bbox 370 1950 450 1991; x_wconf 71' lang='lat'>568·</span> <span class='ocrx_word' id='word_1_405' title='bbox 474 1959 505 1989; x_wconf 85' lang='lat'>5.</span> <span class='ocrx_word' id='word_1_406' title='bbox 533 1948 627 1984; x_wconf 79' lang='grc' dir='ltr'>τοῦτ’</span> <span class='ocrx_word' id='word_1_407' title='bbox 647 1953 678 1987; x_wconf 81' lang='grc' dir='ltr'>ἐν</span> <span class='ocrx_word' id='word_1_408' title='bbox 695 1951 887 1996; x_wconf 65' lang='grc' dir='ltr'>εὐεργεσίας</span> <span class='ocrx_word' id='word_1_409' title='bbox 913 1946 1095 1996; x_wconf 48' lang='lat' dir='ltr'>dez-‘imina</span> <span class='ocrx_word' id='word_1_410' title='bbox 1114 1956 1229 1995; x_wconf 66' lang='grc' dir='ltr'><strong><em>μέρει,</em></strong></span> <span class='ocrx_word' id='word_1_411' title='bbox 1263 1949 1312 1985; x_wconf 85' lang='lat' dir='ltr'>cf.</span> <span class='ocrx_word' id='word_1_412' title='bbox 1332 1947 1429 1985; x_wconf 79' lang='lat' dir='ltr'>Phil.</span> <span class='ocrx_word' id='word_1_413' title='bbox 1448 1947 1490 1984; x_wconf 86' lang='lat' dir='ltr'>in</span> <span class='ocrx_word' id='word_1_414' title='bbox 1507 1949 1624 1986; x_wconf 78' lang='lat' dir='ltr'>Flacc.</span> <span class='ocrx_word' id='word_1_415' title='bbox 1642 1961 1682 1997; x_wconf 86' lang='lat' dir='ltr'>p.</span> 
     </span>
     <span class='ocr_line' id='line_1_34' title="bbox 164 1997 1683 2047; baseline 0.003 -17"><span class='ocrx_word' id='word_1_416' title='bbox 164 1999 249 2039; x_wconf 82' lang='lat'>765.</span> <span class='ocrx_word' id='word_1_417' title='bbox 270 1997 308 2032; x_wconf 88' lang='lat' dir='ltr'>F.</span> <span class='ocrx_word' id='word_1_418' title='bbox 332 1997 381 2038; x_wconf 83' lang='lat' dir='ltr'>i.,</span> <span class='ocrx_word' id='word_1_419' title='bbox 425 2008 523 2045; x_wconf 83' lang='lat' dir='ltr'>quae</span> <span class='ocrx_word' id='word_1_420' title='bbox 551 2009 726 2045; x_wconf 80' lang='lat' dir='ltr'>poterant</span> <span class='ocrx_word' id='word_1_421' title='bbox 748 2001 920 2047; x_wconf 72' lang='lat' dir='ltr'>BergIero</span> <span class='ocrx_word' id='word_1_422' title='bbox 939 2000 978 2034; x_wconf 90' lang='lat' dir='ltr'>in</span> <span class='ocrx_word' id='word_1_423' title='bbox 1000 2009 1165 2034; x_wconf 88' lang='lat' dir='ltr'>mentem</span> <span class='ocrx_word' id='word_1_424' title='bbox 1185 1999 1366 2036; x_wconf 85' lang='lat' dir='ltr'>reducere</span> <span class='ocrx_word' id='word_1_425' title='bbox 1390 1997 1514 2035; x_wconf 86' lang='lat' dir='ltr'>severa</span> <span class='ocrx_word' id='word_1_426' title='bbox 1534 1999 1614 2034; x_wconf 82' lang='lat' dir='ltr'>Lat.</span> <span class='ocrx_word' id='word_1_427' title='bbox 1642 2000 1683 2035; x_wconf 83' lang='lat' dir='ltr'>in</span> 
     </span>
     <span class='ocr_line' id='line_1_35' title="bbox 165 2045 1681 2096; baseline 0.003 -16"><span class='ocrx_word' id='word_1_428' title='bbox 165 2045 441 2094; x_wconf 67' lang='lat' dir='ltr'>beneficiipane</span> <span class='ocrx_word' id='word_1_429' title='bbox 461 2053 608 2094; x_wconf 77' lang='lat' dir='ltr'>ponere,</span> <span class='ocrx_word' id='word_1_430' title='bbox 638 2048 682 2083; x_wconf 88' lang='lat' dir='ltr'>it.</span> <span class='ocrx_word' id='word_1_431' title='bbox 703 2060 909 2096; x_wconf 82' lang='lat' dir='ltr'>reponere,</span> <span class='ocrx_word' id='word_1_432' title='bbox 935 2047 960 2083; x_wconf 85' lang='lat' dir='ltr'>s.</span> <span class='ocrx_word' id='word_1_433' title='bbox 981 2046 1142 2090; x_wconf 88' lang='lat' dir='ltr'>referre,</span> <span class='ocrx_word' id='word_1_434' title='bbox 1167 2047 1336 2096; x_wconf 87' lang='lat' dir='ltr'>sequenti</span> <span class='ocrx_word' id='word_1_435' title='bbox 1359 2045 1456 2084; x_wconf 87' lang='lat' dir='ltr'>forte</span> <span class='ocrx_word' id='word_1_436' title='bbox 1466 2047 1681 2085; x_wconf 83' lang='lat' dir='ltr'>Scheidium</span> 
     </span>
     <span class='ocr_line' id='line_1_36' title="bbox 164 2094 1677 2146; baseline 0.004 -18"><span class='ocrx_word' id='word_1_437' title='bbox 164 2106 200 2129; x_wconf 83' lang='lat' dir='ltr'>v.</span> <span class='ocrx_word' id='word_1_438' title='bbox 209 2109 250 2140; x_wconf 72' lang='lat' dir='ltr'>x·</span> <span class='ocrx_word' id='word_1_439' title='bbox 277 2094 376 2143; x_wconf 79' lang='lat' dir='ltr'>„pro</span> <span class='ocrx_word' id='word_1_440' title='bbox 386 2094 555 2144; x_wconf 64' lang='lat' dir='ltr'>gratias.</span> <span class='ocrx_word' id='word_1_441' title='bbox 572 2098 731 2145; x_wconf 84' lang='lat' dir='ltr'>beneficio</span> <span class='ocrx_word' id='word_1_442' title='bbox 748 2108 921 2144; x_wconf 80' lang='lat' dir='ltr'>reputare</span> <span class='ocrx_word' id='word_1_443' title='bbox 939 2097 1089 2146; x_wconf 79' lang='lat' dir='ltr'>aliquid,</span> <span class='ocrx_word' id='word_1_444' title='bbox 1114 2098 1232 2143; x_wconf 86' lang='lat' dir='ltr'>(unde</span> <span class='ocrx_word' id='word_1_445' title='bbox 1251 2108 1318 2134; x_wconf 86' lang='lat' dir='ltr'>eta</span> <span class='ocrx_word' id='word_1_446' title='bbox 1330 2099 1393 2145; x_wconf 79' lang='lat' dir='ltr'>ssg.</span> <span class='ocrx_word' id='word_1_447' title='bbox 1411 2094 1606 2145; x_wconf 78' lang='lat' dir='ltr'>suppletus</span> <span class='ocrx_word' id='word_1_448' title='bbox 1619 2110 1677 2134; x_wconf 86' lang='lat' dir='ltr'>ca-</span> 
     </span>
     <span class='ocr_line' id='line_1_37' title="bbox 163 2143 1679 2196; baseline 0.003 -16"><span class='ocrx_word' id='word_1_449' title='bbox 163 2143 225 2181; x_wconf 82' lang='lat' dir='ltr'>sus</span> <span class='ocrx_word' id='word_1_450' title='bbox 246 2156 353 2191; x_wconf 87' lang='lat' dir='ltr'>pron.</span> <span class='ocrx_word' id='word_1_451' title='bbox 374 2147 502 2191; x_wconf 77' lang='grc' dir='ltr'>τοῦτο,)</span> <span class='ocrx_word' id='word_1_452' title='bbox 519 2162 557 2191; x_wconf 89' lang='grc' dir='ltr'>μ.</span> <span class='ocrx_word' id='word_1_453' title='bbox 579 2155 646 2195; x_wconf 80' lang='lat' dir='ltr'>pro</span> <span class='ocrx_word' id='word_1_454' title='bbox 667 2158 758 2195; x_wconf 81' lang='lat' dir='ltr'>grat.</span> <span class='ocrx_word' id='word_1_455' title='bbox 774 2156 889 2194; x_wconf 84' lang='lat' dir='ltr'>reput.</span> <span class='ocrx_word' id='word_1_456' title='bbox 906 2164 942 2174; x_wconf 89' lang='lat'>—</span> <span class='ocrx_word' id='word_1_457' title='bbox 968 2147 1064 2183; x_wconf 90' lang='lat' dir='ltr'>med.</span> <span class='ocrx_word' id='word_1_458' title='bbox 1085 2164 1116 2184; x_wconf 83' lang='grc' dir='ltr'>τ.</span> <span class='ocrx_word' id='word_1_459' title='bbox 1135 2148 1246 2183; x_wconf 69' lang='grc' dir='ltr'><em>ταῦτα</em></span> <span class='ocrx_word' id='word_1_460' title='bbox 1266 2151 1299 2184; x_wconf 82' lang='grc' dir='ltr'>ἐν</span> <span class='ocrx_word' id='word_1_461' title='bbox 1318 2162 1361 2192; x_wconf 82' lang='grc' dir='ltr'>χ.</span> <span class='ocrx_word' id='word_1_462' title='bbox 1377 2163 1441 2191; x_wconf 54' lang='lat' dir='ltr'>fa„</span> <span class='ocrx_word' id='word_1_463' title='bbox 1477 2147 1589 2184; x_wconf 81' lang='lat' dir='ltr'>habet</span> <span class='ocrx_word' id='word_1_464' title='bbox 1610 2147 1679 2196; x_wconf 64' lang='lat' dir='ltr'>{sla</span> 
     </span>
     <span class='ocr_line' id='line_1_38' title="bbox 163 2193 1679 2247; baseline 0.003 -18"><span class='ocrx_word' id='word_1_465' title='bbox 163 2205 236 2242; x_wconf 81' lang='lat' dir='ltr'>pro</span> <span class='ocrx_word' id='word_1_466' title='bbox 258 2195 438 2242; x_wconf 75' lang='lat' dir='ltr'>beneficio,</span> <span class='ocrx_word' id='word_1_467' title='bbox 470 2198 531 2242; x_wconf 84' lang='lat' dir='ltr'>(ut</span> <span class='ocrx_word' id='word_1_468' title='bbox 549 2197 632 2234; x_wconf 88' lang='lat' dir='ltr'>lnd.</span> <span class='ocrx_word' id='word_1_469' title='bbox 653 2199 714 2234; x_wconf 87' lang='lat' dir='ltr'>Sb.</span> <span class='ocrx_word' id='word_1_470' title='bbox 736 2209 766 2232; x_wconf 82' lang='lat' dir='ltr'>v.</span> <span class='ocrx_word' id='word_1_471' title='bbox 791 2213 851 2242; x_wconf 71' lang='lat' dir='ltr'>x..</span> <span class='ocrx_word' id='word_1_472' title='bbox 882 2193 943 2233; x_wconf 88' lang='lat' dir='ltr'>sed</span> <span class='ocrx_word' id='word_1_473' title='bbox 971 2195 1046 2233; x_wconf 80' lang='lat' dir='ltr'>fine</span> <span class='ocrx_word' id='word_1_474' title='bbox 1068 2198 1192 2243; x_wconf 86' lang='lat' dir='ltr'>pron.)</span> <span class='ocrx_word' id='word_1_475' title='bbox 1217 2195 1241 2231; x_wconf 93' lang='lat' dir='ltr'>s.</span> <span class='ocrx_word' id='word_1_476' title='bbox 1260 2205 1368 2244; x_wconf 81' lang='lat' dir='ltr'>putat</span> <span class='ocrx_word' id='word_1_477' title='bbox 1387 2195 1594 2233; x_wconf 88' lang='lat' dir='ltr'>habendam</span> <span class='ocrx_word' id='word_1_478' title='bbox 1610 2206 1679 2247; x_wconf 86' lang='lat' dir='ltr'>pro</span> 
     </span>
     <span class='ocr_line' id='line_1_39' title="bbox 164 2243 1681 2294; baseline 0.002 -14"><span class='ocrx_word' id='word_1_479' title='bbox 164 2243 214 2280; x_wconf 86' lang='lat' dir='ltr'>iis</span> <span class='ocrx_word' id='word_1_480' title='bbox 225 2246 422 2292; x_wconf 64' lang='lat' dir='ltr'>gratiam&lt;</span> <span class='ocrx_word' id='word_1_481' title='bbox 446 2245 484 2280; x_wconf 89' lang='lat' dir='ltr'>in</span> <span class='ocrx_word' id='word_1_482' title='bbox 504 2257 592 2282; x_wconf 86' lang='lat' dir='ltr'>extr.</span> <span class='ocrx_word' id='word_1_483' title='bbox 615 2246 695 2283; x_wconf 90' lang='lat' dir='ltr'>fere</span> <span class='ocrx_word' id='word_1_484' title='bbox 714 2258 798 2283; x_wconf 88' lang='lat' dir='ltr'>cum</span> <span class='ocrx_word' id='word_1_485' title='bbox 817 2247 854 2281; x_wconf 82' lang='grc' dir='ltr'>Ρ.</span> <span class='ocrx_word' id='word_1_486' title='bbox 868 2270 880 2288; x_wconf 84' lang='grc'><em>,</em></span> <span class='ocrx_word' id='word_1_487' title='bbox 912 2256 955 2283; x_wconf 76' lang='lat' dir='ltr'>ut</span> <span class='ocrx_word' id='word_1_488' title='bbox 973 2246 1134 2293; x_wconf 88' lang='lat' dir='ltr'>priorem</span> <span class='ocrx_word' id='word_1_489' title='bbox 1154 2247 1216 2294; x_wconf 79' lang='lat' dir='ltr'>ssg.</span> <span class='ocrx_word' id='word_1_490' title='bbox 1244 2245 1429 2282; x_wconf 81' lang='lat' dir='ltr'>rationem</span> <span class='ocrx_word' id='word_1_491' title='bbox 1457 2247 1606 2283; x_wconf 88' lang='lat' dir='ltr'>brevem</span> <span class='ocrx_word' id='word_1_492' title='bbox 1628 2246 1681 2284; x_wconf 91' lang='lat' dir='ltr'>se-</span> 
     </span>
     <span class='ocr_line' id='line_1_40' title="bbox 123 2293 1679 2344; baseline 0.001 -14"><span class='ocrx_word' id='word_1_493' title='bbox 123 2301 130 2310; x_wconf 87' lang='lat'><strong><em>‘</em></strong></span> <span class='ocrx_word' id='word_1_494' title='bbox 156 2304 335 2342; x_wconf 26' lang='lat' dir='ltr'>*quantur</span> <span class='ocrx_word' id='word_1_495' title='bbox 353 2304 392 2330; x_wconf 89' lang='lat' dir='ltr'>et</span> <span class='ocrx_word' id='word_1_496' title='bbox 411 2293 495 2336; x_wconf 83' lang='lat' dir='ltr'>alii,</span> <span class='ocrx_word' id='word_1_497' title='bbox 534 2295 580 2332; x_wconf 84' lang='lat' dir='ltr'>cf.</span> <span class='ocrx_word' id='word_1_498' title='bbox 601 2295 682 2333; x_wconf 87' lang='lat' dir='ltr'>lnd.</span> <span class='ocrx_word' id='word_1_499' title='bbox 701 2294 756 2333; x_wconf 77' lang='lat' dir='ltr'>Fi.</span> <span class='ocrx_word' id='word_1_500' title='bbox 781 2295 853 2332; x_wconf 76' lang='lat' dir='ltr'>Pal.</span> <span class='ocrx_word' id='word_1_501' title='bbox 875 2309 910 2331; x_wconf 86' lang='lat' dir='ltr'>v.</span> <span class='ocrx_word' id='word_1_502' title='bbox 928 2311 989 2340; x_wconf 84' lang='grc' dir='ltr'>μ..</span> <span class='ocrx_word' id='word_1_503' title='bbox 1022 2294 1087 2332; x_wconf 86' lang='lat' dir='ltr'>ubi</span> <span class='ocrx_word' id='word_1_504' title='bbox 1114 2306 1349 2341; x_wconf 84' lang='lat' dir='ltr'>comparatur</span> <span class='ocrx_word' id='word_1_505' title='bbox 1370 2307 1523 2344; x_wconf 84' lang='lat' dir='ltr'>quoque</span> <span class='ocrx_word' id='word_1_506' title='bbox 1538 2311 1614 2342; x_wconf 70' lang='grc' dir='ltr'><strong>μες.</strong></span> <span class='ocrx_word' id='word_1_507' title='bbox 1639 2306 1679 2333; x_wconf 90' lang='lat' dir='ltr'>et</span> 
     </span>
    </p>

    <p class='ocr_par' dir='ltr' id='par_1_8' title="bbox 159 2339 1687 2796">
     <span class='ocr_line' id='line_1_41' title="bbox 167 2339 1680 2392; baseline 0.001 -12"><span class='ocrx_word' id='word_1_508' title='bbox 167 2339 288 2392; x_wconf 68' lang='grc' dir='ltr'>χῶςᾳ,</span> <span class='ocrx_word' id='word_1_509' title='bbox 323 2343 386 2380; x_wconf 89' lang='lat' dir='ltr'>sed</span> <span class='ocrx_word' id='word_1_510' title='bbox 406 2343 480 2381; x_wconf 80' lang='lat' dir='ltr'>fine</span> <span class='ocrx_word' id='word_1_511' title='bbox 500 2345 566 2381; x_wconf 84' lang='lat' dir='ltr'>Vs.</span> <span class='ocrx_word' id='word_1_512' title='bbox 588 2345 670 2382; x_wconf 88' lang='lat' dir='ltr'>Ind.</span> <span class='ocrx_word' id='word_1_513' title='bbox 689 2345 807 2382; x_wconf 89' lang='lat' dir='ltr'>Dion.</span> <span class='ocrx_word' id='word_1_514' title='bbox 831 2346 878 2382; x_wconf 88' lang='lat' dir='ltr'>H.</span> <span class='ocrx_word' id='word_1_515' title='bbox 901 2346 935 2380; x_wconf 78' lang='lat' dir='ltr'>S.</span> <span class='ocrx_word' id='word_1_516' title='bbox 954 2345 1004 2380; x_wconf 90' lang='lat' dir='ltr'>T.</span> <span class='ocrx_word' id='word_1_517' title='bbox 1023 2358 1053 2381; x_wconf 85' lang='grc' dir='ltr'>ι.</span> <span class='ocrx_word' id='word_1_518' title='bbox 1071 2344 1112 2381; x_wconf 86' lang='lat' dir='ltr'>in</span> <span class='ocrx_word' id='word_1_519' title='bbox 1133 2346 1258 2381; x_wconf 87' lang='lat' dir='ltr'>nostro</span> <span class='ocrx_word' id='word_1_520' title='bbox 1277 2344 1382 2382; x_wconf 87' lang='lat' dir='ltr'>subst.</span> <span class='ocrx_word' id='word_1_521' title='bbox 1400 2361 1437 2386; x_wconf 88' lang='grc' dir='ltr'>μ.</span> <span class='ocrx_word' id='word_1_522' title='bbox 1450 2370 1461 2387; x_wconf 84' lang='grc'><strong>,</strong></span> <span class='ocrx_word' id='word_1_523' title='bbox 1488 2346 1531 2382; x_wconf 89' lang='lat' dir='ltr'>it.</span> <span class='ocrx_word' id='word_1_524' title='bbox 1551 2358 1586 2384; x_wconf 83' lang='grc' dir='ltr'>ν,</span> <span class='ocrx_word' id='word_1_525' title='bbox 1597 2349 1629 2384; x_wconf 75' lang='grc' dir='ltr'>ἐν</span> <span class='ocrx_word' id='word_1_526' title='bbox 1640 2356 1680 2382; x_wconf 89' lang='lat' dir='ltr'>et</span> 
     </span>
     <span class='ocr_line' id='line_1_42' title="bbox 159 2393 1679 2443; baseline 0.001 -15"><span class='ocrx_word' id='word_1_527' title='bbox 159 2405 202 2431; x_wconf 73' lang='lat' dir='ltr'>.v.</span> <span class='ocrx_word' id='word_1_528' title='bbox 221 2398 349 2435; x_wconf 72' lang='grc' dir='ltr'><strong>ποιεῖν.</strong></span> <span class='ocrx_word' id='word_1_529' title='bbox 374 2394 418 2430; x_wconf 86' lang='lat' dir='ltr'>it.</span> <span class='ocrx_word' id='word_1_530' title='bbox 436 2395 552 2430; x_wconf 88' lang='lat' dir='ltr'>Dion.</span> <span class='ocrx_word' id='word_1_531' title='bbox 573 2394 673 2436; x_wconf 72' lang='lat' dir='ltr'>Cas,</span> <span class='ocrx_word' id='word_1_532' title='bbox 704 2395 765 2432; x_wconf 86' lang='lat' dir='ltr'>sed</span> <span class='ocrx_word' id='word_1_533' title='bbox 785 2395 864 2443; x_wconf 88' lang='lat' dir='ltr'>Stp.</span> <span class='ocrx_word' id='word_1_534' title='bbox 877 2396 954 2432; x_wconf 79' lang='lat' dir='ltr'>Th.</span> <span class='ocrx_word' id='word_1_535' title='bbox 973 2407 1010 2437; x_wconf 86' lang='lat'>2,</span> <span class='ocrx_word' id='word_1_536' title='bbox 1029 2403 1111 2440; x_wconf 80' lang='lat'>845.</span> <span class='ocrx_word' id='word_1_537' title='bbox 1126 2395 1169 2432; x_wconf 93' lang='lat' dir='ltr'>C.</span> <span class='ocrx_word' id='word_1_538' title='bbox 1185 2393 1335 2431; x_wconf 86' lang='lat' dir='ltr'>aliunde</span> <span class='ocrx_word' id='word_1_539' title='bbox 1355 2394 1437 2442; x_wconf 89' lang='lat' dir='ltr'>(per</span> <span class='ocrx_word' id='word_1_540' title='bbox 1450 2394 1604 2432; x_wconf 76' lang='lat' dir='ltr'>liberam</span> <span class='ocrx_word' id='word_1_541' title='bbox 1616 2396 1679 2432; x_wconf 84' lang='lat' dir='ltr'>Vs.</span> 
     </span>
     <span class='ocr_line' id='line_1_43' title="bbox 168 2442 1683 2492; baseline 0.001 -12"><span class='ocrx_word' id='word_1_542' title='bbox 168 2455 216 2480; x_wconf 79' lang='lat' dir='ltr'>ex</span> <span class='ocrx_word' id='word_1_543' title='bbox 237 2455 362 2491; x_wconf 86' lang='lat' dir='ltr'>parte,</span> <span class='ocrx_word' id='word_1_544' title='bbox 395 2455 434 2481; x_wconf 85' lang='lat' dir='ltr'>et</span> <span class='ocrx_word' id='word_1_545' title='bbox 453 2456 475 2480; x_wconf 86' lang='lat' dir='ltr'>e</span> <span class='ocrx_word' id='word_1_546' title='bbox 491 2445 578 2481; x_wconf 90' lang='lat' dir='ltr'>Luc.</span> <span class='ocrx_word' id='word_1_547' title='bbox 599 2443 674 2482; x_wconf 82' lang='lat' dir='ltr'>fine</span> <span class='ocrx_word' id='word_1_548' title='bbox 698 2443 781 2482; x_wconf 87' lang='lat' dir='ltr'>lnd.</span> <span class='ocrx_word' id='word_1_549' title='bbox 805 2457 836 2483; x_wconf 83' lang='grc' dir='ltr'><strong>ι.</strong></span> <span class='ocrx_word' id='word_1_550' title='bbox 859 2453 941 2488; x_wconf 79' lang='lat'>840.</span> <span class='ocrx_word' id='word_1_551' title='bbox 960 2444 983 2480; x_wconf 88' lang='grc' dir='ltr'>Ι.</span> <span class='ocrx_word' id='word_1_552' title='bbox 1000 2445 1078 2490; x_wconf 78' lang='lat'>42.)</span> <span class='ocrx_word' id='word_1_553' title='bbox 1100 2442 1165 2491; x_wconf 83' lang='lat' dir='ltr'>qui</span> <span class='ocrx_word' id='word_1_554' title='bbox 1185 2455 1283 2480; x_wconf 87' lang='lat' dir='ltr'>tacet</span> <span class='ocrx_word' id='word_1_555' title='bbox 1306 2444 1418 2480; x_wconf 84' lang='lat' dir='ltr'>etiam</span> <span class='ocrx_word' id='word_1_556' title='bbox 1438 2442 1478 2481; x_wconf 88' lang='lat' dir='ltr'>in</span> <span class='ocrx_word' id='word_1_557' title='bbox 1497 2456 1531 2480; x_wconf 88' lang='lat' dir='ltr'>v.</span> <span class='ocrx_word' id='word_1_558' title='bbox 1550 2447 1622 2483; x_wconf 70' lang='grc' dir='ltr'><strong>τιθ.</strong></span> <span class='ocrx_word' id='word_1_559' title='bbox 1645 2455 1683 2492; x_wconf 83' lang='lat'>3,</span> 
     </span>
     <span class='ocr_line' id='line_1_44' title="bbox 171 2491 1683 2541; baseline 0.003 -13"><span class='ocrx_word' id='word_1_560' title='bbox 171 2504 280 2539; x_wconf 87' lang='lat'>1470.</span> <span class='ocrx_word' id='word_1_561' title='bbox 300 2495 339 2530; x_wconf 80' lang='lat' dir='ltr'>F.</span> <span class='ocrx_word' id='word_1_562' title='bbox 361 2491 438 2541; x_wconf 88' lang='lat' dir='ltr'>sqq.</span> <span class='ocrx_word' id='word_1_563' title='bbox 451 2519 462 2536; x_wconf 89' lang='lat'>,</span> <span class='ocrx_word' id='word_1_564' title='bbox 489 2493 552 2530; x_wconf 88' lang='lat' dir='ltr'>ubi</span> <span class='ocrx_word' id='word_1_565' title='bbox 576 2505 702 2531; x_wconf 84' lang='lat' dir='ltr'>tamen</span> <span class='ocrx_word' id='word_1_566' title='bbox 722 2507 742 2531; x_wconf 88' lang='lat' dir='ltr'>e</span> <span class='ocrx_word' id='word_1_567' title='bbox 765 2493 857 2530; x_wconf 92' lang='lat' dir='ltr'>Bud.</span> <span class='ocrx_word' id='word_1_568' title='bbox 873 2496 914 2531; x_wconf 92' lang='lat' dir='ltr'>C.</span> <span class='ocrx_word' id='word_1_569' title='bbox 934 2497 1016 2540; x_wconf 81' lang='lat'>264,</span> <span class='ocrx_word' id='word_1_570' title='bbox 1028 2507 1086 2538; x_wconf 82' lang='lat'>44.</span> <span class='ocrx_word' id='word_1_571' title='bbox 1098 2493 1174 2541; x_wconf 84' lang='lat' dir='ltr'>sqq.</span> <span class='ocrx_word' id='word_1_572' title='bbox 1194 2494 1393 2530; x_wconf 88' lang='lat' dir='ltr'>notionem</span> <span class='ocrx_word' id='word_1_573' title='bbox 1414 2507 1481 2541; x_wconf 90' lang='lat' dir='ltr'>pro</span> <span class='ocrx_word' id='word_1_574' title='bbox 1499 2493 1635 2531; x_wconf 85' lang='lat' dir='ltr'>ducere</span> <span class='ocrx_word' id='word_1_575' title='bbox 1655 2494 1683 2532; x_wconf 89' lang='lat' dir='ltr'>s.</span> 
     </span>
     <span class='ocr_line' id='line_1_45' title="bbox 168 2541 1681 2592; baseline 0.002 -14"><span class='ocrx_word' id='word_1_576' title='bbox 168 2541 374 2579; x_wconf 71' lang='lat' dir='ltr'>existim2re</span> <span class='ocrx_word' id='word_1_577' title='bbox 395 2543 528 2590; x_wconf 80' lang='lat' dir='ltr'>ponit,</span> <span class='ocrx_word' id='word_1_578' title='bbox 563 2556 674 2592; x_wconf 88' lang='lat' dir='ltr'>quam</span> <span class='ocrx_word' id='word_1_579' title='bbox 695 2544 757 2580; x_wconf 85' lang='lat' dir='ltr'>hic</span> <span class='ocrx_word' id='word_1_580' title='bbox 774 2545 838 2592; x_wconf 80' lang='lat' dir='ltr'>Bg.</span> <span class='ocrx_word' id='word_1_581' title='bbox 858 2543 1005 2581; x_wconf 87' lang='lat' dir='ltr'>secutus</span> <span class='ocrx_word' id='word_1_582' title='bbox 1023 2542 1090 2585; x_wconf 84' lang='lat' dir='ltr'>fit.</span> <span class='ocrx_word' id='word_1_583' title='bbox 1122 2542 1147 2579; x_wconf 84' lang='lat' dir='ltr'><strong>fi</strong></span> <span class='ocrx_word' id='word_1_584' title='bbox 1169 2555 1247 2579; x_wconf 87' lang='lat' dir='ltr'>non</span> <span class='ocrx_word' id='word_1_585' title='bbox 1267 2542 1367 2580; x_wconf 76' lang='lat' dir='ltr'>illam</span> <span class='ocrx_word' id='word_1_586' title='bbox 1387 2556 1456 2592; x_wconf 86' lang='lat' dir='ltr'>pro</span> <span class='ocrx_word' id='word_1_587' title='bbox 1482 2543 1681 2590; x_wconf 83' lang='lat' dir='ltr'>imputare,</span> 
     </span>
     <span class='ocr_line' id='line_1_46' title="bbox 168 2589 1684 2642; baseline 0.003 -16"><span class='ocrx_word' id='word_1_588' title='bbox 168 2589 218 2627; x_wconf 86' lang='lat' dir='ltr'>cf.</span> <span class='ocrx_word' id='word_1_589' title='bbox 239 2594 286 2629; x_wconf 82' lang='lat' dir='ltr'>G.</span> <span class='ocrx_word' id='word_1_590' title='bbox 307 2593 403 2633; x_wconf 75' lang='lat' dir='ltr'>Th..</span> <span class='ocrx_word' id='word_1_591' title='bbox 441 2593 506 2641; x_wconf 87' lang='lat' dir='ltr'>qui</span> <span class='ocrx_word' id='word_1_592' title='bbox 535 2593 651 2631; x_wconf 87' lang='lat' dir='ltr'>modo</span> <span class='ocrx_word' id='word_1_593' title='bbox 682 2594 794 2630; x_wconf 75' lang='lat' dir='ltr'>habet</span> <span class='ocrx_word' id='word_1_594' title='bbox 824 2603 978 2642; x_wconf 80' lang='lat' dir='ltr'>„ponere</span> <span class='ocrx_word' id='word_1_595' title='bbox 995 2613 1034 2622; x_wconf 89' lang='lat'>——</span> <span class='ocrx_word' id='word_1_596' title='bbox 1055 2593 1093 2628; x_wconf 86' lang='lat' dir='ltr'>in</span> <span class='ocrx_word' id='word_1_597' title='bbox 1119 2594 1204 2630; x_wconf 88' lang='lat' dir='ltr'>loco</span> <span class='ocrx_word' id='word_1_598' title='bbox 1231 2593 1409 2642; x_wconf 77' lang='lat' dir='ltr'>beneficii,</span> <span class='ocrx_word' id='word_1_599' title='bbox 1440 2591 1464 2631; x_wconf 87' lang='lat' dir='ltr'>i.</span> <span class='ocrx_word' id='word_1_600' title='bbox 1484 2592 1684 2636; x_wconf 80' lang='lat' dir='ltr'>aestimare,</span> 
     </span>
     <span class='ocr_line' id='line_1_47' title="bbox 170 2641 1685 2690; baseline 0.001 -13"><span class='ocrx_word' id='word_1_601' title='bbox 170 2641 249 2678; x_wconf 86' lang='lat' dir='ltr'>Cic.</span> <span class='ocrx_word' id='word_1_602' title='bbox 272 2655 329 2690; x_wconf 83' lang='lat' dir='ltr'>ep.</span> <span class='ocrx_word' id='word_1_603' title='bbox 351 2641 436 2679; x_wconf 88' lang='lat' dir='ltr'>fam.</span> <span class='ocrx_word' id='word_1_604' title='bbox 457 2654 514 2686; x_wconf 72' lang='grc' dir='ltr'>ῖς,</span> <span class='ocrx_word' id='word_1_605' title='bbox 531 2657 567 2687; x_wconf 84' lang='lat'>4,</span> <span class='ocrx_word' id='word_1_606' title='bbox 583 2643 680 2689; x_wconf 57' lang='lat'>(280</span> <span class='ocrx_word' id='word_1_607' title='bbox 705 2643 767 2680; x_wconf 77' lang='lat' dir='ltr'>ubi</span> <span class='ocrx_word' id='word_1_608' title='bbox 790 2644 892 2681; x_wconf 88' lang='lat' dir='ltr'>Cort.</span> <span class='ocrx_word' id='word_1_609' title='bbox 913 2645 1091 2688; x_wconf 86' lang='lat' dir='ltr'>tacet,)·-</span> <span class='ocrx_word' id='word_1_610' title='bbox 1109 2643 1148 2679; x_wconf 80' lang='lat' dir='ltr'>in</span> <span class='ocrx_word' id='word_1_611' title='bbox 1167 2654 1325 2679; x_wconf 87' lang='lat' dir='ltr'>numero</span> <span class='ocrx_word' id='word_1_612' title='bbox 1348 2652 1530 2680; x_wconf 80' lang='lat' dir='ltr'>oratorum</span> <span class='ocrx_word' id='word_1_613' title='bbox 1543 2667 1554 2684; x_wconf 89' lang='lat'><em>,</em></span> <span class='ocrx_word' id='word_1_614' title='bbox 1570 2662 1607 2671; x_wconf 89' lang='lat'>-</span> <span class='ocrx_word' id='word_1_615' title='bbox 1625 2655 1685 2679; x_wconf 86' lang='lat' dir='ltr'>re-</span> 
     </span>
     <span class='ocr_line' id='line_1_48' title="bbox 171 2690 1685 2743; baseline 0.001 -16"><span class='ocrx_word' id='word_1_616' title='bbox 171 2703 315 2739; x_wconf 85' lang='lat' dir='ltr'>ponere</span> <span class='ocrx_word' id='word_1_617' title='bbox 335 2690 373 2728; x_wconf 67' lang='lat' dir='ltr'>in</span> <span class='ocrx_word' id='word_1_618' title='bbox 396 2705 552 2730; x_wconf 88' lang='lat' dir='ltr'>numero</span> <span class='ocrx_word' id='word_1_619' title='bbox 569 2695 801 2743; x_wconf 82' lang='lat' dir='ltr'>eloquentium</span> <span class='ocrx_word' id='word_1_620' title='bbox 814 2717 826 2734; x_wconf 87' lang='lat'><em>,</em></span> <span class='ocrx_word' id='word_1_621' title='bbox 853 2692 928 2740; x_wconf 88' lang='lat' dir='ltr'>(sed</span> <span class='ocrx_word' id='word_1_622' title='bbox 944 2693 986 2729; x_wconf 84' lang='lat' dir='ltr'>iu</span> <span class='ocrx_word' id='word_1_623' title='bbox 1003 2691 1110 2731; x_wconf 90' lang='lat' dir='ltr'>subst.</span> <span class='ocrx_word' id='word_1_624' title='bbox 1126 2702 1216 2741; x_wconf 82' lang='lat' dir='ltr'>pars</span> <span class='ocrx_word' id='word_1_625' title='bbox 1236 2697 1322 2736; x_wconf 86' lang='lat'>706,</span> <span class='ocrx_word' id='word_1_626' title='bbox 1344 2693 1419 2739; x_wconf 82' lang='lat'>47.)</span> <span class='ocrx_word' id='word_1_627' title='bbox 1435 2693 1475 2729; x_wconf 83' lang='lat' dir='ltr'>in</span> <span class='ocrx_word' id='word_1_628' title='bbox 1493 2703 1592 2740; x_wconf 85' lang='lat' dir='ltr'>parte</span> <span class='ocrx_word' id='word_1_629' title='bbox 1604 2705 1685 2729; x_wconf 78' lang='lat' dir='ltr'><em>cau-</em></span> 
     </span>
     <span class='ocr_line' id='line_1_49' title="bbox 161 2739 1687 2796; baseline 0.001 -18"><span class='ocrx_word' id='word_1_630' title='bbox 161 2739 228 2791; x_wconf 81' lang='lat' dir='ltr'>sae</span> <span class='ocrx_word' id='word_1_631' title='bbox 249 2740 274 2781; x_wconf 89' lang='lat' dir='ltr'>s.</span> <span class='ocrx_word' id='word_1_632' title='bbox 292 2742 450 2785; x_wconf 81' lang='lat' dir='ltr'>laboris,</span> <span class='ocrx_word' id='word_1_633' title='bbox 477 2741 569 2791; x_wconf 80' lang='lat' dir='ltr'>(fine</span> <span class='ocrx_word' id='word_1_634' title='bbox 588 2741 758 2787; x_wconf 66' lang='lat' dir='ltr'>austere.</span> <span class='ocrx_word' id='word_1_635' title='bbox 791 2753 829 2780; x_wconf 84' lang='lat' dir='ltr'>at</span> <span class='ocrx_word' id='word_1_636' title='bbox 846 2743 887 2781; x_wconf 75' lang='lat' dir='ltr'>in</span> <span class='ocrx_word' id='word_1_637' title='bbox 905 2754 1029 2796; x_wconf 83' lang='lat' dir='ltr'>praep.</span> <span class='ocrx_word' id='word_1_638' title='bbox 1054 2754 1120 2780; x_wconf 79' lang='lat'>102</span> <span class='ocrx_word' id='word_1_639' title='bbox 1128 2753 1160 2789; x_wconf 84' lang='lat'>5,</span> <span class='ocrx_word' id='word_1_640' title='bbox 1181 2744 1258 2792; x_wconf 76' lang='lat'>40.)</span> <span class='ocrx_word' id='word_1_641' title='bbox 1278 2740 1347 2793; x_wconf 84' lang='lat' dir='ltr'>ipse</span> <span class='ocrx_word' id='word_1_642' title='bbox 1366 2742 1406 2781; x_wconf 86' lang='lat' dir='ltr'>in</span> <span class='ocrx_word' id='word_1_643' title='bbox 1426 2751 1535 2793; x_wconf 80' lang='lat' dir='ltr'>parte</span> <span class='ocrx_word' id='word_1_644' title='bbox 1551 2740 1687 2780; x_wconf 74' lang='lat' dir='ltr'>laboris</span> 
     </span>
    </p>
   </div>
   <div class='ocr_carea' id='block_1_5' title="bbox 1687 0 1722 712">
    <p class='ocr_par' dir='ltr' id='par_1_9' title="bbox 1687 0 1722 712">
     <span class='ocr_line' id='line_1_50' title="bbox 1687 0 1722 712; baseline 0 2374"><span class='ocrx_word' id='word_1_645' title='bbox 1687 0 1722 712; x_wconf 95' lang='lat' dir='ltr'> </span> 
     </span>
    </p>
   </div>
  </div>
 </body>
</html>
