1722 3086
153 114 250 160 206
321 113 491 159 LIBER
513 113 567 160 ΙΙ.
590 114 726 159 CAP.
746 115 843 160 VII.
876 118 928 163 A.
950 119 1004 164 V.
1028 119 1074 164 C.
1097 121 1206 179 946.
1238 121 1373 167 CHR.
1392 123 1456 168 N.
1485 137 1589 184 193.

151 227 321 281 ἑαυτόν.
402 229 628 300 {aglo-mvi
649 229 896 287 τεκαὶτούς
941 253 987 288 2.
1011 241 1166 306 ipsum.
1231 246 1673 312 comperiebaturque

150 394 190 419 te
207 380 250 436 in
277 385 362 421 ne’ae-
382 402 419 410 -
436 382 478 421 ro*
500 382 578 425 ia,
616 381 758 420 dedens
772 381 811 430 se
839 384 946 421 rebus
973 384 1190 435 inhonqstisct
1218 398 1261 424 ut
1291 388 1460 426 laudatur
1479 390 1540 427 hic
1566 392 1672 430 locus

148 432 274 468 obiter
298 433 414 468 modo
437 433 480 468 ad
500 433 587 469 Luc.
609 445 643 473 2,
661 437 742 480 613.
767 435 814 469 N.
830 444 885 480 73.
899 458 909 475 ,
937 445 1083 472 tantum
1103 436 1299 474 formulam
1319 441 1380 489 ng.
1403 439 1583 477 noscente
1595 443 1672 489 Stp.

149 482 250 537 Τὴν
288 479 351 516 {ed
379 494 417 519 et
446 494 688 530 comparante
716 485 794 520 Lat.
823 482 939 530 simpl.
980 487 1098 525 „dare
1127 485 1163 522 se
1195 490 1468 536 voluptatibus“
1505 501 1671 538 tropum.

149 542 330 578 utrinque
353 543 502 578 parem.
539 544 616 567 non
639 532 850 579 explicante
874 533 920 570 G.
941 534 1016 571 Th.
1044 548 1112 582 pro
1132 536 1186 573 uri
1210 548 1248 572 et
1268 550 1407 580 amare,
1438 550 1476 575 et
1499 541 1535 576 Ρ.
1566 540 1672 577 dese-

149 590 259 618 rente
281 582 369 619 Sch.
391 582 428 617 in
447 592 519 617 utr.
539 582 711 617 adiuncto
739 581 827 629 »α’β.
848 584 980 619 mollem
1007 596 1046 621 et
1065 587 1282 634 luxuriosam
1305 588 1457 625 vivendi
1484 591 1674 633 rationem,

148 632 257 670 a'e.—-
276 634 409 673 ἔπιδσῦς
431 631 511 677 (fic)
532 630 557 668 ἕ.
584 633 635 666 ad
652 630 922 668 inhonestatem
944 634 1043 669 vitae
1065 636 1100 670 se
1119 638 1328 684 applicans“
1355 630 1512 685 quornm
1537 639 1576 674 in
1600 639 1673 686 pri.

79 726 81 728 Ι
148 693 212 719 mo
232 681 313 726 Stp.
338 681 409 715 Th.
424 705 433 717 .
463 679 538 716 fine
560 682 635 717 Lar.
657 683 744 729 Bg.,
783 692 929 718 tantum
958 696 978 718 e
1000 683 1100 720 Suid.
1122 697 1161 721 et
1178 686 1299 723 Thur.
1330 687 1407 734 post
1433 687 1504 728 »τὸ
1524 687 1557 724 οἱ.
1589 689 1672 736 snb-

145 728 329 772 stantive,
356 743 424 777 pro
447 729 665 778 ἁβροδίαιτοι,
688 733 807 779 (quod
828 744 906 768 non
928 733 1022 769 male
1041 734 1078 768 in
1103 736 1267 781 praeced.
1289 736 1551 774 dissolutumin
1564 738 1670 775 suurn

147 778 221 818 adi.
244 791 284 816 et
308 781 413 816 iubst.
433 780 587 826 reddit.)
607 781 681 818 vita
703 780 869 821 delicata.
890 782 964 818 vira
986 782 1120 825 mollis,
1148 785 1247 820 vitae
1267 785 1446 823 mollities
1465 787 1490 822 s.
1511 788 1671 827 lautitia.

145 833 245 878 (non
275 841 495 878 comparans
525 831 620 880 syn.)
644 829 813 877 ἇβξότης,
849 832 1038 874 mollicies,
1071 832 1253 876 deliciae,
1288 836 1423 871 luxum
1456 836 1517 873 ubi
1546 848 1671 873 tamen

143 880 245 920 reste
266 879 380 923 dicit,
416 881 485 918 ess'e
506 881 577 929 i.q.
596 887 746 928 τρυφὴν,
773 882 857 928 (pro
874 893 951 930 quo
971 895 1022 930 pr.
1041 881 1172 920 Noster
1190 884 1252 920 hic
1270 884 1434 933 quodam
1463 884 1579 921 modo
1610 897 1671 921 va-

142 930 247 976 xian)
269 932 446 978 utrinque
470 931 564 967 nihil
590 931 795 968 admonens
815 932 861 968 de
883 931 1036 978 spiritu,
1074 944 1185 981 quem
1206 935 1327 970 lenem
1347 946 1431 971 curn
1462 935 1590 982 aspero
1610 947 1671 970 va.

145 980 244 1020 :riare
277 980 508 1028 deprehendi
539 981 579 1017 in
609 980 714 1018 lndd.
740 981 872 1031 Herdt.
899 984 991 1021 Xen.
1015 984 1099 1030 Cyr.
1119 984 1160 1020 Z.
1182 996 1220 1022 et
1240 986 1384 1021 D'Orv.
1405 985 1494 1028 Ch.‚
1531 998 1552 1020 e
1574 984 1670 1020 vitio

145 1043 277 1070 tamen
299 1043 496 1080 operarum
518 1030 640 1075 forte,
671 1044 757 1068 cum
790 1032 829 1069 in
854 1044 957 1070 textu
980 1044 1020 1071 et
1041 1034 1088 1070 N.
1112 1033 1200 1071 ess'et
1222 1035 1344 1082 asper,
1386 1033 1449 1071 sed
1480 1046 1670 1081 praeterea

146 1095 205 1131 ap.
229 1081 316 1119 Hes.
342 1095 370 1124 ι,
392 1095 446 1120 22.
471 1082 493 1119 i.
515 1095 600 1120 curn
620 1084 667 1119 N.
686 1094 739 1120 11.
761 1093 795 1129 p.
815 1082 866 1130 sq.
887 1095 969 1119 cum
993 1084 1082 1128 N.5.
1103 1096 1209 1131 P·²4·
1233 1097 1314 1120 cum
1335 1085 1380 1121 N.
1397 1095 1476 1131 13.,
1495 1082 1556 1119 sed
1570 1083 1672 1132 p.sq.

146 1133 175 1172 ἰ.
195 1143 234 1170 et
255 1147 287 1169 e.
317 1131 393 1169 sine
414 1135 496 1169 Var.
517 1135 558 1170 L.
579 1144 618 1170 et
640 1134 688 1169 N.
719 1132 820 1168 edita
843 1144 908 1180 per
929 1133 1051 1169 lenem
1066 1158 1077 1174 ,
1115 1145 1156 1169 ut
1186 1135 1311 1169 omnia
1340 1146 1425 1170 cum
1457 1134 1584 1180 aspero
1612 1145 1671 1180 ap.

144 1183 251 1224 Suid.
277 1195 307 1222 1.
332 1195 388 1218 12.
414 1196 444 1220 e.
467 1183 543 1230 sqq.
559 1208 570 1222 ,
611 1182 653 1220 it.
675 1180 713 1217 in
735 1183 776 1218 L.
795 1182 882 1218 Ern.
910 1196 949 1219 er
970 1183 1074 1220 Indd.
1100 1183 1218 1230 Orph.
1240 1184 1414 1231 Theogn.
1434 1183 1500 1219 Gs.
1524 1182 1610 1220 Chr.
1633 1193 1672 1219 et

142 1235 247 1275 Plut.
269 1234 329 1270 Kr.
361 1233 404 1270 it.
426 1245 482 1280 ap.
504 1234 600 1270 Xen.
619 1231 746 1272 Bach..
786 1232 834 1267 cf.
855 1232 937 1268 Ael.
959 1234 1003 1269 V.
1022 1233 1057 1267 h.
1080 1232 1156 1279 syn.
1188 1232 1390 1278 »ἁβροτέμ
1410 1235 1542 1274 δίαιτα,
1577 1232 1673 1269 deli.

147 1284 288 1324 catior.
325 1284 493 1319 mollior«
521 1294 602 1318 turn
633 1280 703 1317 adi.
731 1281 898 1317 nostrum
924 1283 968 1317 de
1000 1281 1093 1328 pers.
1124 1280 1239 1318 Dion.
1266 1285 1315 1318 H.
1332 1284 1369 1318 S.
1390 1283 1437 1317 T.
1462 1294 1492 1318 1.
1520 1282 1605 1318 Abr.
1625 1280 1671 1318 ad

144 1333 278 1376 Aesch.
301 1333 348 1368 T.
367 1345 395 1368 1.
415 1345 498 1369 curn
520 1333 568 1368 N.
593 1331 636 1367 ad
657 1331 744 1366 Hes.
771 1331 829 1367 [Ι.
849 1344 885 1379 p.
899 1341 956 1378 23.
979 1331 1014 1369 αἱ.
1030 1357 1040 1373 ,
1074 1332 1242 1378 τρυφεςδς
1260 1337 1345 1376 βίον,
1369 1339 1444 1377 περὶ
1462 1339 1521 1374 τῆν
1541 1335 1670 1368 δίαιταν

146 1388 316 1429 δαψιλὴς,
353 1382 413 1418 sed
433 1380 558 1419 Nostri
578 1381 686 1427 plane
705 1380 744 1417 τὸ
762 1380 843 1427 ιὶβς.
868 1393 926 1428 ap.
947 1381 1069 1418 Thuc.
1094 1386 1129 1423 6,
1151 1390 1182 1421 g.
1206 1383 1392 1418 delicatum
1420 1382 1518 1417 vitae
1541 1393 1671 1429 genus,

145 1446 190 1472 ut
214 1435 247 1470 h.
262 1433 284 1468 1.
305 1432 511 1480 acceperim
532 1443 610 1466 non
633 1430 747 1466 modo
777 1431 822 1465 de
839 1429 936 1467 vic‘tu
959 1429 1158 1479 magnifico
1186 1442 1300 1479 atque
1321 1430 1566 1480 elegantiori,
1608 1430 1671 1467 sed

146 1494 190 1522 et
217 1484 266 1519 ob
288 1494 342 1528 pr.
367 1482 495 1530 oppos.
516 1489 580 1518 τῶν
600 1483 675 1524 δημ.
702 1484 793 1523 sta-111.
817 1479 863 1516 de
890 1480 1038 1528 ignavia
1067 1491 1106 1516 et
1129 1481 1295 1517 laborum
1324 1480 1413 1529 fuga
1439 1479 1671 1528 negligentia

146 1545 223 1584 que
245 1543 283 1568 et
302 1533 396 1568 otio.
446 1534 487 1567 ln
508 1531 623 1567 altero
635 1529 722 1565 hinc
738 1529 894 1567 sb.1nd.
920 1527 1091 1574 »ἄσεμνος
1110 1535 1212 1575 βίος-(ί
1235 1531 1464 1571 memoriter.
1478 1529 1671 1566 ,iedetiam

146 1581 248 1634 quasi
271 1593 339 1628 pro
370 1579 644 1628 explicatione,
681 1589 724 1615 ut
744 1580 823 1626 Stp.
845 1580 917 1614 Th.
941 1579 1015 1615 huc
1044 1579 1179 1626 spe-&at
1208 1579 1283 1616 fine
1304 1582 1367 1616 Vs.
1389 1578 1452 1616 sub
1478 1578 1542 1620 „oe’.
1560 1577 1671 1615 inho—

143 1632 292 1673 nestus,
318 1631 471 1677 foe-dus,
506 1630 551 1670 εἵς
572 1645 612 1666 τε
635 1628 674 1665 τδ
693 1650 731 1656 —
753 1629 813 1666 ε’.“
839 1643 859 1664 e
881 1629 968 1665 Bud.
990 1641 1074 1665 cum
1092 1629 1173 1664 lest.
1197 1629 1265 1664 alia
1287 1630 1326 1664 in
1349 1635 1388 1667 τὲ
1410 1641 1479 1676 pro
1499 1633 1558 1671 δὲ,
1597 1641 1674 1664 me·

143 1680 303 1721 morirer
330 1692 393 1716 aut
424 1694 489 1728 per
517 1691 710 1725 operarum
738 1691 922 1719 errorem3
952 1691 1095 1715 merum
1120 1678 1192 1715 adi.
1217 1691 1276 1714 me
1300 1679 1609 1725 deprehendente
1631 1678 1671 1714 in

141 1733 228 1772 lnd.
249 1731 310 1765 sb.
339 1731 455 1766 Dion.
479 1730 527 1766 H.
549 1730 584 1765 S.
603 1729 649 1763 T.
671 1741 702 1765 2.
725 1740 762 1764 et
783 1729 902 1776 Long.
923 1729 1046 1770 Mor„
1080 1729 1216 1764 Nostro
1249 1728 1294 1763 ad
1316 1727 1457 1776 analog.
1485 1726 1670 1762 scribente

143 1791 317 1822 tantum,
353 1791 392 1817 et
423 1781 461 1815 h.
482 1778 530 1821 1.,
565 1776 724 1825 opinor,
759 1777 947 1814 innuente
973 1790 1032 1814 res
1062 1789 1101 1814 et
1130 1776 1315 1819 affiones,
1358 1777 1584 1824 imperatore
1613 1774 1672 1812 in·

141 1833 182 1871 di
213 1841 287 1866 nas.

187 1843 392 1926 {ugia-nero)
421 1877 506 1925 quia
526 1876 725 1924 inopinato
746 1876 931 1914 fefellerat
950 1874 1099 1913 milites,
1158 1875 1218 1911 Sic
1237 1875 1373 1912 Matth.
1396 1887 1427 1916 1,
1453 1882 1508 1915 ιε.
1529 1872 1670 1920 (ἐρρέθη

141 1935 178 1973 δν
197 1947 233 1977 7.
254 1933 331 1974 ἐχ.)
385 1927 445 1962 Sic
466 1926 540 1973 ipse
560 1928 715 1964 Herodi.
735 1926 824 1963 alibi
844 1931 878 1968 6,
897 1931 932 1966 6.
959 1938 1014 1961 10.
1039 1936 1072 1973 3,
1093 1937 1129 1969 7,
1147 1937 1250 1971 13.·-
1270 1925 1342 1970 ἕης.
1362 1930 1487 1970 ψευσ..
1513 1922 1537 1959 i.
1557 1936 1592 1958 e·
1615 1921 1671 1959 fe-

139 1981 304 2021 fellerat.
359 1977 420 2013 Sic
437 1978 526 2060 [pc.
552 1989 607 2021 17,
634 1986 689 2019 18.
706 1980 772 2022 οὐχ
795 1976 865 2023 ἔαρ.
885 1975 1029 2021 ὁποςρ.,
1064 1987 1145 2011 non
1165 1986 1410 2012 reverterunt.
1430 1973 1542 2010 Leisn.
1595 1973 1670 2009 Pro

138 2037 180 2070 τὲ
199 2031 235 2066 le
263 2041 283 2063 e
306 2031 353 2064 δέ.
381 2027 460 2062 Reis
479 2041 498 2063 ’.

238 2039 284 2115 ἔτι
305 2076 429 2113 Nostri
453 2075 543 2111 locis
566 2075 646 2111 aliis
665 2075 739 2112 istis
760 2087 844 2112 cum
861 2087 893 2110 v.
914 2073 940 2111 ἐ.
963 2074 1014 2111 est
1036 2073 1106 2109 adi.
1122 2099 1131 2114 ‚
1169 2085 1268 2115 non,
1303 2084 1347 2110 ut
1368 2071 1452 2115 hic,
1484 2070 1669 2120 particip.,

142 2129 249 2180 quod
272 2127 361 2162 alibi
383 2135 508 2161 tamen
529 2138 611 2160 cum
632 2125 703 2161 adi.
725 2125 804 2161 Lat.
828 2124 1050 2160 commutari
1075 2124 1205 2165 liceat,
1231 2121 1254 2158 fi
1273 2123 1391 2160 solum
1413 2122 1507 2165 stat,
1533 2133 1611 2157 v.c.
1637 2121 1667 2159 ἱ.

138 2185 267 2227 ψευση
305 2174 558 2221 reperiebatur
580 2177 752 2216 mendax,
789 2173 907 2220 (unde
927 2175 1013 2210 Sch.
1045 2172 1082 2208 in
1114 2185 1147 2207 v.
1174 2171 1202 2210 ἕ.
1230 2178 1297 2216 ,μμ
1319 2171 1668 2219 deprehendebatur

131 2227 306 2281 faffu51‘)
335 2224 395 2262 sed
417 2225 452 2260 h.
472 2224 517 2265 1.,
552 2225 616 2259 ubi
639 2224 753 2260 habet
771 2223 982 2260 adiunssum
1005 2222 1146 2263 casum,
1178 2233 1240 2258 aut
1257 2225 1441 2264 servetur,
1469 2231 1532 2256 aut
1549 2232 1667 2257 mute-

137 2289 205 2316 tur
224 2277 264 2314 in
288 2274 381 2314 inf..
412 2285 455 2310 ut
478 2273 514 2309 in
535 2273 614 2309 aliis
632 2285 666 2308 v.
690 2272 880 2314 sensuum,
905 2275 948 2309 ad
969 2271 1069 2320 quod
1089 2283 1128 2307 et
1147 2285 1177 2306 v.
1201 2270 1269 2317 ἑυς.
1291 2282 1329 2307 et
1348 2271 1554 2306 inveniendi
1569 2268 1666 2305 refe-

139 2338 270 2368 ratur,
307 2336 391 2359 curn
412 2323 473 2364 iit,
509 2335 621 2370 tropo
640 2334 811 2363 remoto,
850 2322 875 2357 i.
897 2335 933 2370 q.
960 2321 1185 2369 cognoscere
1209 2322 1232 2356 s.
1250 2321 1475 2368 intelligere,
1503 2320 1551 2355 cf.
1573 2317 1664 2354 Poss‘.

139 2379 206 2425 Sy,
234 2389 268 2422 p.
286 2386 363 2419 ¹97·
374 2386 406 2409 e.
433 2384 517 2408 200.
531 2386 561 2407 e.
589 2371 712 2421 Kypk.
733 2383 764 2414 ι,
785 2375 889 2418 376.,
917 2371 979 2420 qui
1000 2382 1126 2408 tamen
1151 2384 1186 2418 p.
1203 2383 1293 2405 2.m.
1319 2368 1483 2407 defleffit
1498 2368 1544 2404 ad
1557 2368 1665 2420 ailam

139 2426 349 2466 rationem,
384 2434 454 2470 qua
478 2421 648 2458 censetur
671 2420 743 2457 dici
769 2434 836 2468 pro
858 2419 957 2462 εἶνοᾈ,
988 2420 1091 2455 unde
1111 2419 1326 2467 periphrasis
1345 2419 1404 2455 iila
1430 2418 1548 2454 oritur
1567 2422 1605 2459 ἦν
1625 2437 1665 2447 ·-

139 2481 375 2522 ψευσάμενος,
405 2484 482 2507 non
502 2470 646 2519 ubique
663 2470 868 2518 procedens
882 2495 892 2512 ‚
922 2482 1007 2506 cum
1021 2469 1210 2506 interdum
1230 2469 1365 2505 diserte
1383 2468 1472 2504 adiit
1489 2461 1532 2505 cliv
1553 2467 1665 2514 parti-

139 2525 236 2570 cip,
271 2523 333 2558 ted
354 2521 493 2557 ducens
512 2522 640 2556 eadem
661 2522 704 2557 ad
728 2521 792 2557 Vs.
810 2520 907 2554 istam
920 2520 1042 2555 Leisn.
1064 2531 1129 2565 per
1147 2518 1262 2565 simpl.
1285 2521 1424 2562 ιαψευδ.
1440 2529 1532 2559 etc„
1559 2515 1664 2563 quod

138 2571 343 2620 respexerit
367 2582 406 2607 et
428 2571 463 2605 Ρ.
488 2581 528 2606 et
546 2571 630 2606 Sch.
659 2570 698 2605 in
726 2574 793 2613 mh.
814 2567 876 2617 qui
892 2568 1063 2614 fefellit“
1101 2567 1147 2603 cf.
1170 2569 1211 2603 L.
1233 2568 1315 2602 ΕΠ).
1338 2578 1376 2603 et
1397 2567 1445 2603 N.
1466 2568 1513 2604 T.
1539 2565 1663 2601 Schw.

138 2634 229 2659 cum
250 2622 297 2657 N.
325 2632 362 2656 ec
383 2620 471 2656 Krb.
497 2630 581 2655 cum
600 2621 659 2668 Bg.
683 2620 782 2660 Lan,
817 2618 880 2655 sub
903 2630 978 2664 quo
998 2629 1035 2653 et
1054 2616 1127 2654 huc
1151 2617 1285 2664 specht
1308 2618 1384 2662 Stp.
1407 2615 1480 2651 Th.
1504 2613 1577 2651 fine
1597 2616 1664 2652 Vs.

138 2671 234 2710 alia,
270 2670 354 2706 Gat.
377 2668 419 2704 ad
441 2672 532 2704 Ant.
555 2681 590 2716 p.
612 2680 695 2715 329.
725 2670 857 2705 Loesn.
883 2667 971 2704 Obs.
995 2680 1029 2713 p.
1046 2679 1125 2711 274.
1146 2680 1177 2704 e.
1208 2667 1346 2702 D‘Orv.
1368 2665 1432 2701 Ch.
1455 2677 1490 2712 p.
1508 2668 1590 2708 4⁶5·
1611 2676 1664 2699 m.

137 2721 186 2760 R.
208 2721 275 2756 Or.
301 2719 348 2753 V.
365 2728 397 2759 8.
415 2718 516 2754 And.
546 2717 586 2753 1s.
611 2719 674 2755 Ev.
694 2719 733 2755 F.
753 2730 790 2764 p.
806 2729 862 2753 20.
877 2729 909 2753 e.
931 2729 964 2763 p.
980 2716 1031 2764 sq.
1053 2729 1107 2756 e.,
1142 2728 1224 2752 cum
1252 2713 1488 2750 nominativo
1509 2713 1579 2750 adi.
1600 2725 1659 2759 ap.

137 2771 253 2810 Dem.
272 2779 356 2817 320,
377 2780 411 2806 2.
436 2769 498 2804 Fa.
519 2766 602 2805 Aes.
628 2768 744 2810 soph.
766 2767 850 2810 AL,
882 2765 945 2803 ubi
973 2777 1012 2803 et
1029 2777 1114 2803 cum
1131 2763 1370 2803 nominativo
1388 2762 1515 2807 subst..
1548 2772 1592 2798 ut
1618 2761 1660 2800 in
